
@article{clough09,
author = {T. Clough and M. Key and I. Ott and S. Ragg and G. Schadow and O. Vitek},
journal = {Journal of Proteome Research},
title = {Protein quantification in label-free {LC-MS} experiments},
volume = {8},
pages = {5275--5284},
year = {2009}
}

@book{hahne08,
  title = {Bioconductor Case Studies},
  author = {F. Hahne and W.  Huber and R. Gentleman and S. Falcon},
  year =2008,
  publisher = "Springer"}



@inproceedings{ihaka08,
  Author = {Ross Ihaka and Duncan Temple Lang},
  Title = {Back to the Future: {Lisp} as a Base for a Statistical Computing System},
  Booktitle = {Compstat},
  year =  2008}


@inproceedings{noble08,
	Author = {Ewan D. Tempero and James Noble and Hayden Melton},
	Booktitle = {European Conference on Object-Oriented Programming (ECOOP)},
	Title = {How Do Java Programs Use Inheritance? An Empirical Study of Inheritance in Java Software},
	Year = {2008}}

@article{calder,
	Author = {Brad Calder and Dirk Grunwald and Benjamin Zorn},
	Journal = {Journal of Programming Languages},
	Number = 4,
	Title = {Quantifying Behavioral Differences Between C and C++ Programs},
	Vol = 2,
	Year = 1994}

@inproceedings{dong,
	Author = {Dongseok Jang and Kwang-Moo Choe},
	Booktitle = {Symposium on Applied Computing (SAC)},
	Title = {Points-to Analysis for {J}ava{S}cript},
	Year = 2009}

@inproceedings{jensen09,
	Author = {Simon Holm Jensen and Anders M{\o}ller and Peter Thiemann},
	Booktitle = {Static Analysis Symposium (SAS)},
	Title = {Type Analysis for {J}ava{S}cript},
	Year = {2009}}

@inproceedings{thiemann05,
	Author = {Peter Thiemann},
	Booktitle = {European Symposium on Programming (ESOP)},
	Title = {Towards a Type System for Analyzing {J}ava{S}cript Programs},
	Year = {2005}}

@article{anderson05,
	Author = {Christopher Anderson and Paola Giannini},
	Journal = {Electr. Notes Theor. Comput. Sci.},
	Number = {2},
	Title = {Type Checking for {J}ava{S}cript},
	Volume = {138},
	Year = {2005}}

@phdthesis{andersonphd,
	Author = {Anderson, Christopher},
	Month = {March},
	School = {Department of Computing, Imperial College London},
	Title = {{Type Inference for {J}ava{S}cript}},
	Year = {2006}}

@inproceedings{lerner09,
	Author = {Ravi Chugh and Jeffrey A. Meister and Ranjit Jhala and Sorin Lerner},
	Booktitle = {Programming Language Design and Implementation, {(PLDI)}},
	Title = {Staged information flow for {J}ava{S}cript},
	Year = {2009}}

@inproceedings{shriram09,
	Author = {Arjun Guha and Shriram Krishnamurthi and Trevor Jim},
	Booktitle = {International Conference on World Wide Web (WWW)},
	Title = {Using static analysis for Ajax intrusion detection},
	Year = {2009}}

@inproceedings{lively,
	Author = {Daniel Ingalls and Krzysztof Palacz and Stephen Uhler and Antero Taivalsaari and Tommi Mikkonen},
	Booktitle = {Self-Sustaining Systems},
	Title = {The Lively Kernel A Self-supporting System on a Web Page.},
	Year = {2008}}

@inproceedings{yu07,
	Author = {Dachuan Yu and Ajay Chander and Nayeem Islam and Igor Serikov},
	Booktitle = {Symposium on Principles of Programming Languages (POPL)},
	Title = {{J}ava{S}cript instrumentation for browser security},
	Year = 2007}

@inproceedings{vigna07,
	Author = {Philipp Vogt and Florian Nentwich and Nenad Jovanovic and Engin Kirda and Christopher Kr{\"u}gel and Giovanni Vigna},
	Booktitle = {Network and Distributed System Security Symposium (NDSS)},
	Title = {Cross Site Scripting Prevention with Dynamic Data Tainting and Static Analysis},
	Year = 2007}

@inproceedings{maffeis09,
	Author = {Sergio Maffeis and John C. Mitchell and Ankur Taly},
	Booktitle = {European Symposium on Research in Computer Security (ESORICS)},
	Title = {Isolating {J}ava{S}cript with Filters, Rewriting, and Wrappers},
	Year = {2009}}

@inproceedings{hop,
	Author = {F. Loitsch and M. Serrano},
	Booktitle = {Symposium on Trends on Functional Languages},
	Title = {Hop Client-Side Compilation},
	Year = 2007}

@inproceedings{stop,
	Author = {Sylvain Lebresne and Gregor Richards and Johan {\"Ostlund} and Tobias Wrigstad and Jan Vitek},
	Booktitle = {Workshop on Script to Program Evolution (STOP)},
	Title = {Understanding the Dynamics of {J}ava{S}cript},
	Year = 2009}

@inproceedings{Fla06,
	Author = {Cormac Flanagan},
	Booktitle = {Symposium on Principles of Programming Languages (POPL)},
	Doi = {http://doi.acm.org/10.1145/1111037.1111059},
	Pages = {245--256},
	Title = {Hybrid type checking},
	Year = {2006}}

@inproceedings{SiekTaha06,
	Author = {Jeremy G. Siek},
	Booktitle = {Scheme and Functional Programming Workshop},
	Pages = {81--92},
	Title = {{G}radual {T}yping for {F}unctional {L}anguages},
	Year = {2006}}

@misc{WebKit,
	Author = {{The WebKit Team}},
	Note = {\url{http://webkit.org/}},
	Title = {{The WebKit Open Source Project}},
	Year = {2009}}

@misc{sunSpider,
	Author = {{WebKit}},
	Note = {\url{http://www2.webkit.org/perf/sunspider-0.9/sunspider.html}},
	Title = {{SunSpider {J}ava{S}cript Benchmark}}}

@misc{gmail,
	Author = {{Google}},
	Note = {\url{http://mail.google.com/}},
	Title = {{Gmail}},
	Year = {2009}}

@misc{facebook,
	Author = {{Facebook}},
	Note = {\url{http://www.facebook.com/}},
	Title = {{Facebook}},
	Year = {2009}}

@misc{nasa,
	Author = {{National Aeronautics and Space Agency}},
	Note = {\url{http://www.nasa.gov/}},
	Title = {{NASA}}}

@proceedings{Cop05,
	Editor = {Mario Coppo and Ferruccio Damiani},
	Series = {ENTCS},
	Title = {International Workshop on Intersection Types and Related Systems (ITRS)},
	Volume = {136},
	Year = {2005}}

@article{CDC94,
	Author = {F. Cardone and M. Dezani-Ciancaglini and U. de' Liguoro},
	Journal = {Annals of Pure and Applied Logic},
	Pages = {197--230},
	Title = {{Combining Type Disciplines}},
	Url = {http://www.di.unito.it/~dezani/papers/CDdL94.pdf},
	Volume = {66},
	Year = {1994}}

@inproceedings{MYC03,
	Author = {Yitzhak Mandelbaum and David Walker and Robert Harper},
	Booktitle = {ICFP '03},
	Doi = {http://doi.acm.org/10.1145/944705.944725},
	Pages = {213--225},
	Title = {An effective theory of type refinements},
	Year = {2003}}

@article{depauw2002vej,
	Author = {De Pauw, W. and Jensen, E. and Mitchell, N. and Sevitsky, G. and Vlissides, J. and Yang, J.},
	Journal = {Software Visualization},
	Publisher = {Springer},
	Title = {{Visualizing the execution of {J}ava programs}},
	Year = {2002}}

@conference{reiss2001ob,
	Author = {Reiss, S.P.},
	Booktitle = {Proceedings of the 2001 ACM SIGPLAN-SIGSOFT workshop on Program analysis for software tools and engineering},
	Pages = {2--5},
	Title = {{An overview of BLOOM}},
	Year = {2001}}

@conference{hamoulhadj2004ste,
	Author = {Hamou-Lhadj, A. and Lethbridge, T.C.},
	Booktitle = {Proceedings of the 2004 conference of the Centre for Advanced Studies on Collaborative research},
	Organization = {IBM Press},
	Pages = {42--55},
	Title = {{A survey of trace exploration tools and techniques}},
	Year = {2004}}

@book{garret1994maa,
	Author = {Garret, C.D. and Dean, J. and Grove, D. and Chambers, C.},
	Publisher = {Univ of Washington},
	Title = {{Measurement and application of dynamic receiver class distributions}},
	Year = {1994}}

@conference{holzle1994odd,
	Author = {Urs H{\"o}lzle  and Dave Ungar},
	Booktitle = {PLDI},
	Organization = {ACM New York, NY, USA},
	Pages = {326--336},
	Title = {{Optimizing dynamically-dispatched calls with run-time type feedback}},
	Year = {1994}}

@inproceedings{thiemann09,
	Author = {Peter Heidegger and Peter Thiemann},
	Booktitle = {Foundations of Object Oriented Languages (FOOL)},
	Title = {Recency Types for Dynamically-Typed, Object-Based Languages},
	Year = 2009}

@inproceedings{hendren,
	Author = {Bruno Dufour and Karel Driesen and Laurie J. Hendren and Clark Verbrugge},
	Booktitle = {Proceedings of the Conference on Object-Oriented Programming Systems, Languages and Applications (OOPSLA)},
	Title = {Dynamic metrics for java},
	Year = {2003}}

@inproceedings{IN06,
	Address = {New York, NY, USA},
	Author = {Atsushi Igarashi and Hideshi Nagira},
	Booktitle = {Symposium on Applied Computing (SAC)},
	Doi = {http://doi.acm.org/10.1145/1141277.1141610},
	Pages = {1435--1441},
	Title = {Union types for object-oriented programming},
	Year = {2006}}

@article{Abadi91,
	Author = {Mart\'{\i}n Abadi and Luca Cardelli and Benjamin Pierce and Gordon Plotkin},
	Doi = {http://doi.acm.org/10.1145/103135.103138},
	Journal = {ACM Trans. Program. Lang. Syst.},
	Number = {2},
	Pages = {237--268},
	Publisher = {ACM},
	Title = {Dynamic typing in a statically typed language},
	Volume = {13},
	Year = {1991}}

@inproceedings{GrayFF05,
	Author = {Kathryn E. Gray and Robert Bruce Findler and Matthew Flatt},
	Booktitle = {Conference on Object-Oriented Programming, Systems, Languages, and Applications (OOPSLA)},
	Pages = {231-245},
	Title = {Fine-grained interoperability through mirrors and contracts},
	Year = {2005}}

@inproceedings{typedlisp,
	Author = {Robert Cartwright},
	Booktitle = {International Colloquium on Automata, Languages and Programming (ICALP)},
	Pages = {228--256},
	Title = {User-Defined Data Types as an Aid to Verifying {LISP} Programs},
	Year = {1976}}

@inproceedings{softscheme,
	Author = {{Andrew K.} Wright and Robert Cartwright},
	Booktitle = {Conference on LISP and Functional programming},
	Pages = {250--262},
	Title = {A practical soft type system for {Scheme}},
	Year = {1994}}

@misc{ObjC,
	Author = {Apple},
	Title = {The {Objective-C} 2.0 Programming Language},
	Year = {2009}}

@inproceedings{Wadler09,
	Author = {Philip Wadler and Robert Bruce Findler},
	Booktitle = {European Symposium on Programming (ESOP)},
	Title = {Well-Typed Programs Can't Be Blamed},
	Year = {2009}}

@inproceedings{Siek09,
	Author = {Jeremy G. Siek and Ronald Garcia and Walid Taha},
	Booktitle = {European Symposium on Programming (ESOP)},
	Title = {Exploring the Design Space of Higher-Order Casts},
	Year = {2009}}

@inproceedings{Ahmed09stop,
	Author = {Amal Ahmed and Robert Bruce Findler and Jacob Matthews and Philip Wadler},
	Booktitle = {Script to Program Evolution (STOP)},
	Title = {Blame for all},
	Year = {2009}}

@techreport{Hage09,
	Author = {Patrick Camphuijsen and Jurriaan Hage and Stefan Holdermans},
	Institution = {Utrecht University},
	Title = {Soft Typing {PHP}},
	Year = 2009}

@inproceedings{Bracha93,
	Author = {Gilad Bracha and David Griswold},
	Booktitle = {OOPSLA},
	Title = {Strongtalk: Typechecking {Smalltalk} in a Production Environment},
	Year = {1993}}

@inproceedings{Nystrom03,
	Author = {Sven-Olof Nystr{\"o}m},
	Booktitle = {Erlang Workshop},
	Title = {A soft-typing system for {Erlang}},
	Year = {2003}}

@misc{Boo,
	Author = {Rodrigo Barreto de Oliveira},
	Title = {{The Boo Programming Language}},
	Year = {2009}}

@misc{Whiteoak,
	Author = {Joseph Gil and Itay Maman},
	Title = {Whiteoak},
	Xxxnote = {\url{http://whiteoak.sourceforge.net/}}}

@book{BeckSmalltalkPractices,
	Author = {Kent Beck},
	Publisher = {Prentice-Hall},
	Title = {Smalltalk: {B}est {P}ractice {P}atterns},
	Year = {1997}}

@misc{DS06,
	Author = {Don Syme},
	Title = {An upcoming experimental feature: {A}ctive {P}atterns in {F}\#},
	Year = {2006}}

@misc{PPM,
	Author = {Niclas Lundborg and Erwan Lemonnier},
	Title = {{P}luto---or how to make {Perl} juggle with billions},
	Xxxnote = {\url{http://erwan.lemonnier.se/talks/pluto.html}},
	Year = {2006}}

@inproceedings{DS84,
	Author = {L. Peter Deutsch and Alan Schiffman},
	Booktitle = {Symposium on the Principles of Programming Languages (POPL)},
	Title = {{E}fficient Implementation of the {S}malltalk-80 System},
	Year = {1984}}

@inproceedings{Ayc00,
	Author = {John Aycock},
	Booktitle = {International Python Conference},
	Title = {Aggressive Type Inference},
	Year = {2000}}

@inproceedings{PythonAintDynamic,
	Author = {Alex Holkner and James Harland},
	Booktitle = {Australasian Computer Science Conference (ACSC)},
	Title = {Evaluating the Dynamic Behaviour of {P}ython Applications},
	Year = {2009}}

@inproceedings{OptionTypes,
	Author = {Burak Emir and Martin Odersky and John Williams},
	Booktitle = {European Conference on Object Oriented Programming (ECOOP)},
	Title = {Matching Objects with Patterns},
	Year = {2007}}

@inproceedings{AXE,
	Author = {Ulf Wiger},
	Booktitle = {Workshop on Formal Design of Safety Critical Embedded Systems},
	Title = {Four-fold Increase in Productivity and Quality},
	Year = {2001}}

@misc{JW06,
	Author = {John Williams},
	Month = {April},
	Xxxnote = {\url{http://article.gmane.org/gmane.comp.lang.scala/1993}},
	Year = {2006}}

@inproceedings{TypePlug,
	Author = {Niklaus Haldiman and Marcus Denker and Oscar Nierstrasz},
	Booktitle = {International Conference on Dynamic Languages},
	Title = {Practical, Pluggable Types for a Dynamic Language},
	Year = {2009}}

@inproceedings{CHAGN07,
	Author = {Jeremy Condit and Matthew Harren and Zachary Anderson and David Gay and George Necula},
	Booktitle = {European Symposium on Programming (ESOP)},
	Title = {{D}ependent {T}ypes for {L}ow-Level {P}rogramming},
	Year = {2007}}

@mastersthesis{And07,
	Author = {Zachary Ryan Anderson},
	Number = {UCB/EECS-2007-1},
	School = {EECS Department, University of California, Berkeley},
	Title = {{S}tatic {A}nalysis of {C} for {H}ybrid {T}ype {C}hecking},
	Year = {2007}}

@inproceedings{PACPE08,
	Author = {Matthew M. Papi and Mahmood Ali and Telmo Luis Correa Jr. and Jeff H. Perkins and Michael D. Ernst},
	Booktitle = {International Symposium on Software Testing and Analysis},
	Title = {Practical pluggable types for {J}ava},
	Year = {2008}}

@inproceedings{SoftTyping,
	Author = {Robert Cartwright and Mike Fagan},
	Booktitle = {Conference on Programming language design and implementation (PLDI)},
	Title = {{S}oft {T}yping},
	Year = {1991}}

@article{Perl6,
	Author = {Audrey Tang},
	Journal = {SIGPLAN Notices},
	Number = {1},
	Title = {Perl 6: reconciling the irreconcilable},
	Volume = {42},
	Year = {2007}}

@misc{SchemeNote,
	Author = {Daniel P. Friedman and Christopher T Haynes and Eugene Kohlbecker and Mitchell Wand},
	Title = {A Guide to the Metaphysical Universe},
	Year = {ca 1984}}

@inproceedings{SV08,
	Author = {Jeremy G. Siek and Manish Vachharajani},
	Booktitle = {Symposium on Dynamic languages (DLS)},
	Title = {Gradual typing with unification-based inference},
	Year = {2008}}

@inproceedings{JUSTII,
	Author = {Davide Ancona and Giovanni Lagorio and Elena Zucca},
	Booktitle = {ICTCS},
	Title = {Type inference for polymorphic methods in {J}ava-like languages},
	Year = {2007}}

@article{JUST,
	Author = {Giovanni Lagorio and Elena Zucca},
	Journal = {Journal of Object Technology},
	Number = {2},
	Title = {Just: Safe Unknown Types in {Java}-like Languages},
	Volume = {6},
	Year = {2007}}

@article{drossopoulou:babyj,
	Author = {Christopher Anderson and Sophia Drossopoulou},
	Journal = {Electr. Notes Theor. Comput. Sci.},
	Number = {7},
	Title = {{BabyJ}: From Object Based to Class Based Programming via Types},
	Volume = {82},
	Year = {2003}}

@book{TDD,
	Author = {Kent Beck},
	Publisher = {Addison-Wesley},
	Title = {Test Driven Development: By Example},
	Year = {2002}}

@techreport{Cecil,
	Author = {Craig Chambers and {the Cecil Group}},
	Institution = {University of Washington},
	Title = {The {C}ecil Language: Specification \& Rationale},
	Year = {2004}}

@inproceedings{FF02,
	Author = {Robert Bruce Findler and Matthias Felleisen},
	Booktitle = {International Conference on Functional Programming (ICFP)},
	Title = {Contracts for higher-order functions},
	Year = {2002}}

@techreport{Sage,
	Author = {Kenneth Knowles and Aaron Tomb and Jessica Gronski and Stephen N. Freund and Cormac Flanagan},
	Institution = {University of California, Santa Cruz},
	Title = {Sage: Unified Hybrid Checking for First-Class Types, General Refinement Types, and Dynamic},
	Year = {2006}}

@misc{PythonSuccessStory,
	Author = {Walter D{\"o}rwald and Alois Kastner-Maresch},
	Title = {{XIST}: {A}n {XML} {T}ransformation {E}ngine {W}ritten in {P}ython},
	Xxxnote = {\url{http://www.python.org/about/success/xist/}}}

@misc{JSON,
	Key = {JSON},
	Note = {\url{http://www.json.org/}},
	Title = {Introducing {JSON}}}

@misc{clojure,
	Key = {Clojure},
	Note = {\url{http://clojure.org/}},
	Title = {{C}lojure}}

@misc{kawa,
	Key = {Kawa},
	Note = {\url{http://www.gnu.org/software/kawa}},
	Title = {The {K}awa language framework}}

@misc{jython,
	Key = {Jython},
	Note = {\url{http://www.jython.org/}},
	Title = {{T}he {J}ython {P}roject}}

@misc{jruby,
	Key = {{JR}uby},
	Note = {\url{http://jruby.codehaus.org/}},
	Title = {{J}ava powered {R}uby implementation}}

@book{Python,
	Editor = {Guido van Rossum and Fred L. Drake Jr.},
	Publisher = {Network Theory Ltd},
	Title = {{T}he {P}ython {L}anguage {R}eference {M}anual (version 2.5)},
	Year = {2006}}

@book{Tcl,
	Editor = {John K. Ousterhout},
	Publisher = {Addison-Wesley Professional},
	Title = {{T}cl and the {T}k {T}oolkit},
	Year = {1994}}

@book{Groovy,
	Editor = {Kenneth Barclay and John Savage},
	Publisher = {Morgan Kaufmann},
	Title = {{G}roovy {P}rogramming},
	Year = {2006}}

@inproceedings{Lua,
	Author = {Roberto Ierusalimschy and Luiz Henrique de Figueiredo and Waldemar Celes},
	Booktitle = {Conference on History of programming languages (HOPL)},
	Title = {The evolution of {Lua}},
	Year = {2007}}

@book{Haskell,
	Author = {Jones, Simon P.},
	Publisher = {{Cambridge University Press}},
	Title = {{H}askell 98 {L}anguage and {L}ibraries: {T}he {R}evised {R}eport},
	Year = {2003}}

@book{SML,
	Address = {Cambridge, MA},
	Author = {Milner, Robin and Tofte, Mads and Harper, Robert},
	Key = {milner90},
	Publisher = {MIT Press},
	Title = {{T}he {D}efinition of {S}tandard {ML}},
	Year = 1990}

@inproceedings{FCA,
	Author = {Kim Mens and Tom Tourw{\'e}},
	Booktitle = {12th ESUG Smalltalk Conference},
	Title = {Conceptual Code Mining---Mining for Source-Code Regularities with Formal Concept Analysis},
	Year = {2004}}

@article{FJ,
	Author = {Atsushi Igarashi and Benjamin C. Pierce and Philip Wadler},
	Journal = {ACM Trans. Program. Lang. Syst.},
	Number = {3},
	Title = {{F}eatherweight {J}ava: a minimal core calculus for {J}ava and {GJ}},
	Volume = {23},
	Year = {2001}}

@article{IgarashiUnionTypes,
	Author = {Atsushi Igarashi and Hideshi Nagira},
	Journal = {Journal of Object Technology},
	Number = {2},
	Title = {{U}nion {T}ypes for {O}bject-{O}riented {P}rogramming},
	Volume = {6},
	Year = {2007}}

@misc{ActionScript3,
	Author = {Adobe Systems Inc.},
	Title = {{A}ction{S}cript 3.0 {L}anguage and {C}omponents {R}eference},
	Xxxnote = {\url{http://livedocs.adobe.com/flash/9.0/ActionScriptLangRefV3/}},
	Year = {2008}}

@inproceedings{Herman07,
	Author = {David Herman and Aaron Tomb and Cormac Flanagan},
	Booktitle = {In Trends in Functional Programming (TFP)},
	Title = {Space-Efficient Gradual Typing},
	Year = {2007}}

@misc{ECMAScript4,
	Author = {{ECMA-262 Group}},
	Title = {Proposed {ECMAS}cript 4th Edition---Language Overview},
	Year = {2007}}

@inproceedings{SBD04,
	Author = {Nathanael Sch\"{a}rli and Andrew P. Black and St\'{e}phane Ducasse},
	Booktitle = {Conference on Object-oriented programming, systems, languages, and applications (OOPSLA)},
	Title = {Object-{O}riented {E}ncapsulation for {D}ynamically {T}yped {L}anguages},
	Xxxpages = {130--149},
	Year = {2004}}

@book{PickAxe,
	Author = {David Thomas and Andrew Hunt},
	Description = {Programming Ruby},
	Edition = {2},
	Publisher = {The Pragmatic Programmers, LLC.},
	Title = {Programming Ruby: The Pragmatic Programmer's Guide},
	Url = {http://portal.acm.org/citation.cfm?id=357816},
	Year = {2005}}16}}

@article{Pre00,
	Author = {Lutz Prechelt},
	Issn = {0018-9162},
	Journal = {Computer},
	Number = {10},
	Title = {An Empirical Comparison of Seven Programming Languages},
	Volume = {33},
	Xxxpages = {23--29},
	Year = {2000}}

@inproceedings{StructuralTyping,
	Author = {Luca Cardelli},
	Booktitle = {POPL},
	Title = {{S}tructural {S}ubtyping and the {N}otion of {P}ower {T}ype},
	Xxxpages = {70--79},
	Year = {1988}}

@article{CW85,
	Author = {Luca Cardelli and Peter Wegner},
	Journal = {ACM Computing Surveys},
	Title = {{O}n {U}nderstanding {T}ypes, {D}ata {A}bstraction, and {P}olymorphism},
	Volume = {17},
	Xxxpages = {471--522},
	Year = {1985}}

@article{Car91,
	Author = {Luca Cardelli},
	Journal = {Formal Description of Programming Concepts},
	Title = {Typeful Programming},
	Xxxpages = {431--507},
	Year = {1991}}

@article{MD04,
	Author = {Erik Meijer and Peter Drayton},
	Journal = {OOPSLA04, Workshop on Revival of Dynamic Languages},
	Title = {Static typing where possible, dynamic typing when needed: {T}he end of the cold war between programming languages},
	Year = {2004}}

@article{PluggableTypes,
	Author = {Gilad Bracha},
	Journal = {OOPSLA04, Workshop on Revival of Dynamic Languages},
	Title = {Pluggable Type Systems},
	Year = {2004}}

@article{Pre99,
	Author = {Lutz Prechelt},
	Journal = {Communications of the ACM},
	Number = {10},
	Title = {Comparing {J}ava vs. {C}/{C}++ Efficiency Differences to Interpersonal Differences},
	Volume = {42},
	Year = {1999}}

@article{ACPP91,
	Author = {Mart\'{\i}n Abadi and Luca Cardelli and Benjamin Pierce and Gordon Plotkin},
	Journal = {ACM TOPLAS},
	Number = {2},
	Title = {{D}ynamic {T}yping in a {S}tatically {T}yped {L}anguage},
	Volume = {13},
	Year = {1991}}

@inproceedings{Arm97,
	Author = {Joe Armstrong and Ericsson Telecom Ab},
	Booktitle = {International Conference on Functional Programming},
	Title = {The development of {E}rlang},
	Xxxpages = {196--203},
	Year = {1997}}

@inproceedings{AM91,
	Author = {Alexander Aiken and Brian R. Murphy},
	Booktitle = {POPL},
	Title = {Static type inference in a dynamically typed language},
	Xxxpages = {279--290},
	Year = {1991}}

@book{Perl,
	Author = {Larry Wall and Tom Christiansen and Jon Orwant},
	Edition = {3rd},
	Publisher = {O'Reilly},
	Title = {{P}rogramming {P}erl},
	Year = 2000}

@inproceedings{matchete,
	Author = {Martin Hirzel and Nathaniel Nystrom and Bard Bloom and Jan Vitek},
	Booktitle = {Practical Aspects of Declarative Languages (PADL 2008)},
	Title = {Matchete: Paths through the Pattern Matching Jungle},
	Xxxpages = {150--166},
	Year = 2008}

@misc{PerlAtPPM,
	Author = {Ed Stephenson},
	Howpublished = {O'Reilly Media},
	Title = {{P}erl {R}uns {S}weden's {P}ension {S}ystem},
	Year = {2001}}

@misc{Pwyky,
	Author = {Sean B. Palmer},
	Title = {Pwyky ({A} {P}ython {W}iki)},
	Xxxnote = {\url{http://infomesh.net/pwyky/}}}

@misc{Bigloo,
	Author = {Manuel Serrano},
	Note = {2008},
	Title = {Bigloo---A ``practical {Scheme} compiler''}}

@techreport{Vortex,
	Author = {Craig Chambers and Jeffrey Dean and David Grove},
	Institution = {University of Washington},
	Title = {Whole-Program Optimization of Object-Oriented Languages},
	Year = {1996}}

@article{CLOS,
	Author = {Daniel G. Bobrow and Linda G. DeMichiel and Richard P. Gabriel and Sonya E. Keene and Gregor Kiczales and David A. Moon},
	Journal = {SIGPLAN Not.},
	Title = {Common Lisp Object System specification},
	Volume = {23},
	Year = {1988}}

@article{Ous98,
	Author = {John K. Ousterhout},
	Issn = {0018-9162},
	Journal = {Computer},
	Number = {3},
	Title = {{S}cripting: {H}igher-{L}evel {P}rogramming for the 21st {C}entury},
	Volume = {31},
	Xxxpages = {23--30},
	Year = {1998}}

@inproceedings{hendren10,
	Author = {Maxime Chevalier-Boisvert and Laurie J. Hendren and Clark Verbrugge},
	Ee = {http://dx.doi.org/10.1007/978-3-642-11970-5_4},
	Pages = {46-65},
        Title = {Optimizing {Matlab} through Just-In-Time Specialization},
	Booktitle = {Compiler Construction (CC)},
	Year = {2010}}

@inproceedings{gregg10,
	Author = {Kevin Williams and Jason McCandless and David Gregg},
	Ee = {http://doi.acm.org/10.1145/1772954.1772993},
        Title = {Dynamic interpretation for dynamic scripting languages},
	Pages = {278-287},
	Booktitle = {Symposium on Code Generation and Optimization (CGO)},
	Year = {2010}}

@inproceedings{gregg09,
	Author = {Paul Biggar and Edsko de Vries and David Gregg},
	Ee = {http://doi.acm.org/10.1145/1529282.1529709},
	Pages = {1916-1923},
        Title = {A practical solution for scripting language compilers},
	Booktitle = {Symposium on Applied Computing (SAC)},
	Year = {2009}}

@inproceedings{padua02,
	Author = {George S. Almasi and David A. Padua},
	Booktitle = {Programming Language Design and Implementation (PLDI)},
	Ee = {http://doi.acm.org/10.1145/512529.512564},
	Pages = {294-303},
	Title = {MaJIC: Compiling {MATLAB} for Speed and Responsiveness},
	Year = {2002}}

@inproceedings{padua00,
	Author = {George S. Almasi and David A. Padua},
	Ee = {http://link.springer.de/link/service/series/0558/bibs/2017/20170068.htm},
	Pages = {68-81},
        Title = {MaJIC: A {Matlab} Just-In-Time Compiler},
	Booktitle = {Languages and Compilers for Parallel Computing (LCPC)},
	Year = {2000}}

@article{padua09,
	Author = {Mary W. Hall and David A. Padua and Keshav Pingali},
	Ee = {http://doi.acm.org/10.1145/1461928.1461946},
	Journal = {Commun. ACM},
	Number = {2},
	Pages = {60-67},
	Title = {Compiler research: the next 50 years},
	Volume = {52},
	Year = {2009}}

@article{banerjee07,
	Author = {Pramod G. Joisha and Prithviraj Banerjee},
	Ee = {http://dx.doi.org/10.1002/spe.781},
	Journal = {Softw., Pract. Exper.},
	Number = {5},
	Pages = {535-578},
	Title = {A translator system for the MATLAB language},
	Volume = {37},
	Year = {2007}}

@article{banerjee06,
	Author = {Pramod G. Joisha and Prithviraj Banerjee},
	Ee = {http://doi.acm.org/10.1145/1152651},
	Journal = {ACM Trans. Program. Lang. Syst.},
	Number = {5},
	Pages = {848-907},
	Title = {An algebraic array shape inference system for MATLAB},
	Volume = {28},
	Year = {2006}}

@book{tisdall01,
	Author = {James Tisdall},
	Publisher = {O'Reilly Media},
	Title = {Beginning Perl for Bioinformatics},
	Year = 2001}

@book{tisdall03,
	Author = {James Tisdall},
	Publisher = {O'Reilly Media},
	Title = {Mastering Perl for Bioinformatics},
	Year = 2003}

@book{gentleman05,
	Author = {Robert Gentleman and Vince Carey and Wolfgang Huber and Rafael Irizarry and Sandrine Dudoit},
	Publisher = {Springer},
	Title = {Bioinformatics and Computational Biology Solutions Using R and Bioconductor},
	Year = 2005}

@book{bassi,
	Author = {Sebastian Bassi},
	Publisher = {Chapman \& Hall},
	Title = {Python for Bioinformatics},
	Year = 2005}

@article{antcheva09,
	Author = {I. Antcheva and M. Ballintijn and B. Bellenot and M. Biskup and R. Brun and N. Buncic and Ph. Canal and D. Casadei and O. Couet and V. Fine and L. Franco and G. Ganis and A. Gheata and D. Gonzalez Maline and M. Goto and J. Iwaszkiewicz and A. Kreshuk and D. Marcos Segura and R. Maunder and L. Moneta and A. Naumann and E. Offermann and V. Onuchin and S. Panacek and F. Rademakers and P. Russo and M. Tadel},
	Doi = {DOI: 10.1016/j.cpc.2009.08.005},
	Journal = {Computer Physics Communications},
	Number = {12},
	Pages = {2499 -- 2512},
	Title = {{ROOT -- A C++} framework for petabyte data storage, statistical analysis and visualization},
	Volume = {180},
	Year = {2009},
	Bdsk-Url-1 = {http://dx.doi.org/10.1016/j.cpc.2009.08.005}}

@inproceedings{thiemann09b,
	Author = {Simon Holm Jensen and Anders M{\o}ller and Peter Thiemann},
	Booktitle = {Static Analysis Symposium (SAS)},
	Date-Modified = {2010-05-16 14:28:29 -0400},
	Ee = {http://dx.doi.org/10.1007/978-3-642-03237-0_17},
	Pages = {238-255},
	Title = {Type Analysis for JavaScript},
	Year = {2009}}

@inproceedings{pizlo07,
	Author = {Filip Pizlo and Daniel Frampton and Erez Petrank and Bjarne Steensgaard},
	Booktitle = {International Symposium on Memory Managment (ISMM)},
	Pages = {159--172},
	Title = {Stopless: A real-time garbage collector for modern platforms},
	Year = 2007}

@inproceedings{chickenclover,
	Author = {Filip Pizlo and Erez Petrank and Bjarne Steensgaard},
	Booktitle = {Conference on Programming Language Design and Implementation (PLDI)},
	Pages = {33--44},
	Title = {A study of concurrent real-time garbage collectors},
	Year = 2008}

@article{huds03,
	Author = {Richard~L. Hudson and J.~Eliot~B. Moss},
	Journal = {Concurrency and Computation: Practice and Experience},
	Number = {3--5},
	Pages = {223--261},
	Title = {Sapphire: Copying garbage collection without stopping the world},
	Volume = 15,
	Year = 2003}

@misc{rtems,
	Key = {RTEMS},
	Title = {Real-Time Executive for Multiprocessor Systems},
	Url = {http://www.rtrms.org},
	Bdsk-Url-1 = {http://www.rtrms.org}}

@inproceedings{nett93,
	Author = {Scott Nettles and James O'Toole},
	Booktitle = {Conference on Programming Language Design and Implementation (PLDI)},
	Doi = {10.1145/155090.155111},
	Pages = {217--226},
	Title = {Real-Time Replication-Based Garbage Collection},
	Year = 1993}

@inproceedings{auerbach,
	Author = {Auerbach, Joshua and Bacon, David F. and Cheng, Perry and Grove, David and Biron, Ben and Gracie, Charlie and McCloskey, Bill and Micic, Aleksandar and Sciampacone, Ryan},
	Booktitle = {Conference on Embedded Software (EMSOFT)},
	Doi = {10.1145/1450058.1450092},
	Month = oct,
	Pages = {245--254},
	Title = {Tax-and-spend: democratic scheduling for real-time garbage collection},
	Year = 2008}

@inproceedings{auerbach07b,
	Author = {Joshua Auerbach and David F. Bacon and Bob Blainey and Perry Cheng and Michael Dawson and Mike Fulton and David Grove and Darren Hart and Mark Stoodley},
	Booktitle = {Conference on Embedded Software (EMSOFT)},
	Doi = {10.1145/1289927.1289967},
	Pages = {249--258},
	Title = {Design and implementation of a comprehensive real-time {Java} virtual machine},
	Year = 2007}

@inproceedings{jamaica07,
	Author = {Fridtjof Siebert},
	Booktitle = {Java Technologies for Real-time and Embedded Systems (JTRES)},
	Doi = {10.1145/1288940.1288954},
	Month = sep,
	Pages = {277-278},
	Title = {Realtime garbage collection in the {JamaicaVM} 3.0},
	Year = 2007}

@inproceedings{dacapo,
	Author = {Blackburn, S. M. and Garner, R. and Hoffman, C. and Khan, A. M. and McKinley, K. S. and Bentzur, R. and Diwan, A. and Feinberg, D. and Frampton, D. and Guyer, S. Z. and Hirzel, M. and Hosking, A. and Jump, M. and Lee, H. and Moss, J. E. B. and Phansalkar, A. and Stefanovi\'{c}, D. and {VanDrunen}, T. and von Dincklage, D. and Wiedermann, B.},
	Booktitle = {Conference on Object-Oriented Programing, Systems, Languages, and Applications (OOPSLA)},
	Doi = {10.1145/1167473.1167488},
	Pages = {169--190},
	Title = {The {DaCapo} Benchmarks: {Java} Benchmarking Development and Analysis},
	Year = 2006}

@misc{DelsartMetronomeBlogPost,
	Author = {Bertrand Delsart},
	Title = {Want a {Metronome} like RTGC? {Do} it your self in {Java} {RTS}},
	Url = {http://blogs.sun.com/delsart/entry/want_a_metronome_like_rtgc}}

@inproceedings{puff08,
	Author = {Wolfgang Puffitsch},
	Booktitle = {International Conference on Compilers, Architectures and Synthesis for Embedded Systems (CASES)},
	Doi = {10.1145/1450095.1450111},
	Pages = {91--98},
	Title = {Decoupled Root Scanning in Multi-processor Systems},
	Year = 2008}

@inproceedings{puff08a,
	Author = {Wolfgang Puffitsch and Martin Schoeberl},
	Booktitle = {International Workshop on Java Technologies for Real-Time and Embedded Systems (JTRES)},
	Doi = {10.1145/1434790.1434801},
	Pages = {68--76},
	Title = {Non-Blocking Root Scanning for Real-Time Garbage Collection},
	Year = 2008}

@misc{perc,
	Author = {Aonix},
	Title = {{PERC Products}},
	Url = {http://www.aonix.com/perc.html},
	Year = 2009}

@misc{jamvm,
	Author = {R. Lougher},
	Title = {{JamVM -- A compact Java virtual machine}},
	Url = {http://jamvm.sourceforge.net},
	Year = 2009}

@inproceedings{immix,
	Author = {Steve Blackburn and Kathryn McKinley},
	Booktitle = {Programming Language Design and Implementation (PLDI)},
	Doi = {10.1145/1375581.1375586},
	Pages = {22-32},
	Title = {Immix: A mark-region garbage collector with space efficiency, fast collection, and mutator performance},
	Year = 2008}

@techreport{staccato,
	Author = {B. McCloskey and David Bacon and Perry Cheng and David Grove},
	Institution = {IBM Research},
	Number = {RC24505},
	Title = {Staccato: A Parallel and Concurrent Real-time Compacting Garbage Collector for Multiprocessors},
	Year = 2008}

@misc{scj,
	Author = {{JSR 302}},
	Title = {{Safety Critical Java specification}},
	Url = {http://jcp.org/en/jsr/detail?id=302},
	Year = 2007}

@misc{azul,
	Author = {{Azul Systems}},
	Url = {http://www.azulsystems.com},
	Year = 2009}

@article{Baker92c,
	Author = {Henry G. Baker},
	Journal = {SIGPLAN Notices},
	Number = {3},
	Pages = {66-70},
	Title = {The treadmill: real-time garbage collection without motion sickness},
	Volume = {27},
	Year = {1992}}

@inproceedings{generationalrtgc,
	Author = {Daniel Frampton and David F. Bacon and Perry Cheng and David Grove},
	Booktitle = {European Conference on Object-Oriented Programming (ECOOP)},
	Pages = {101-125},
	Title = {Generational Real-Time Garbage Collection},
	Year = 2007}

@inproceedings{syncopation,
	Author = {David F. Bacon and Perry Cheng and David Grove and Martin T. Vechev},
	Booktitle = {Conference on Languages, Compilers, and Tools for Embedded Systems (LCTES)},
	Doi = {10.1145/1065910.1065937},
	Pages = {183-192},
	Title = {Syncopation: generational real-time garbage collection in the {Metronome}},
	Year = 2005}

@book{bruno,
	Author = {Eric Bruno and Greg Bollella},
	Publisher = {Addison-Wesley},
	Title = {Real-Time {Java} Programming: With {Java RTS}},
	Year = 2009}

@inproceedings{jamaica01,
	Author = {Fridtjof Siebert and Andy Walter},
	Booktitle = {Java Virtual Machine Research and Technology Symposium (JVM)},
	Pages = {141-152},
	Title = {Deterministic Execution of {Java's} Primitive Bytecode Operations},
	Year = 2001}

@inproceedings{pauseless,
	Author = {Cliff Click and Gil Tene and Michael Wolf},
	Booktitle = {International Conference on Virtual Execution Environments (VEE)},
	Doi = {10.1145/1064979.1064988},
	Pages = {46-56},
	Title = {The {Pauseless} {GC} algorithm},
	Year = 2005}
	Bdsk-Url-1 = {http://dx.doi.org/10.1145/1064979.1064988}}

@inproceedings{PERC09,
	Author = {Tobias Schoofs and Eric Jenn and St{\'e}phane Leriche and Kelvin Nilsen and Ludovic Gauthier and Marc Richard-Foy},
	Booktitle = {Workshop on Java Technologies for Real-Time and Embedded Systems (JTRES)},
	Pages = {169--178},
	Title = {Use of {PERC} Pico in the {AIDA} avionics platform},
	Year = {2009}}

@article{Nilsen88,
	Author = {Kelvin Nilsen},
	Journal = {Software, Practice \& Experience},
	Number = {7},
	Pages = {613-640},
	Title = {Garbage Collection of Strings and Linked Data Structured in Real Time},
	Volume = {18},
	Year = {1988}}

@inproceedings{HCU91,
  title = {Optimizing Dynamically-Typed Object-Oriented Languages With Polymorphic Inline Caches},
  author = {Urs H{\"o}lzle and Craig Chambers and David Ungar},
  booktitle = {European Conference on Object-Oriented Programming (ECOOP)},
  volume = {512/1991},
  year = {1991},
  page = {21},
  doi = {10.1007/BFb0057011},
}


@InProceedings{	  bacon03,
  author =	 {David F. Bacon and Perry Chang and V.T. Rajan},
  title =	 {A real-time garbage collector with low overhead and
                  consistent utilization},
  booktitle =	 {Symposium on Principles of Programming Languages (POPL)},
  pages =	 "285--298",
  year =	 2003}

@misc{AgileManifesto,
	Author = {Kent Beck and {et al.}},
	Title = {Principles behind the Agile Manifesto},
        Note = {\url{http://agilemanifesto.org/principles.html}},
	Year = 2007}

@inproceedings{cheng01,
	Author = {Perry Cheng and Guy E. Blelloch},
	Booktitle = {Conference on Programming language design and implementation (PLDI)},
	Doi = {http://doi.acm.org/10.1145/378795.378823},
	Pages = {125--136},
	Title = {A parallel, real-time garbage collector},
	Year = {2001}}

@Misc{Shootout,
  key = {Computer Language Benchmarks Game, The},
  title = {{T}he {C}omputer {L}anguage {B}enchmarks {G}ame},
  note = {\url{http://shootout.alioth.debian.org/}}}

@inproceedings{cfa,
	Author = {Olin Shivers},
	Booktitle = {Conference on Programming Language design and Implementation (PLDI)},
	Pages = {164--174},
	Title = {Control flow analysis in scheme},
	Year = {1988}}

@inproceedings{friendorfoe,
	Author = {Stephen Blackburn and Antony Hosking},
	Booktitle = {International Symposium on Memory Management (ISMM)},
	Pages = {143-151},
	Title = {Barriers: friend or foe?},
	Year = {2004}}

@article{harissa,
	Author = {Gilles Muller and Ulrik Pagh Schultz},
	Journal = {IEEE Software},
	Number = {2},
	Title = {Harissa: A Hybrid Approach to {Java} Execution},
	Volume = {16},
	Year = {1999}}

@inproceedings{gal09,
	Author = {Andreas Gal and Brendan Eich and Mike Shaver and David Anderson and David Mandelin and Mohammad R. Haghighat and Blake Kaplan and Graydon Hoare and Boris Zbarsky and Jason Orendorff and Jesse Ruderman and Edwin W. Smith and Rick Reitmaier and Michael Bebenita and Mason Chang and Michael Franz},
	Booktitle = {Conference on Programming Language Design and Implementation (PLDI)},
	Ee = {http://doi.acm.org/10.1145/1542476.1542528},
	Pages = {465-478},
	Title = {Trace-based just-in-time type specialization for dynamic languages},
	Year = {2009}}

@inproceedings{wimmer09,
	Author = {Christian Wimmer and Marcelo Silva Cintra and Michael Bebenita and Mason Chang and Andreas Gal and Michael Franz},
	Booktitle = {Conference on Principles and Practice of Programming in Java (PPPJ)},
	Ee = {http://doi.acm.org/10.1145/1596655.1596683},
	Pages = {172-181},
	Title = {Phase detection using trace compilation},
	Year = {2009}}

@inproceedings{chang09,
	Author = {Mason Chang and Edwin W. Smith and Rick Reitmaier and Michael Bebenita and Andreas Gal and Christian Wimmer and Brendan Eich and Michael Franz},
	Booktitle = {Conference on Virtual Execution Environments (VEE)},
	Ee = {http://doi.acm.org/10.1145/1508293.1508304},
	Pages = {71-80},
	Title = {Tracing for web 3.0: trace compilation for the next generation web applications},
	Year = {2009}}

@inproceedings{gal06,
	Author = {Andreas Gal and Christian W. Probst and Michael Franz},
	Booktitle = {Conference on Virtual Execution Environments (VEE)},
	Ee = {http://doi.acm.org/10.1145/1134760.1134780},
	Pages = {144-153},
	Title = {HotpathVM: an effective JIT compiler for resource-constrained devices},
	Year = {2006}}

@inproceedings{SW09,
	Author = {Jeremy Siek and Philip Wadler},
	Booktitle = {Script to Program Evolution (STOP)},
	Title = {Threesomes, With and Without Blame},
	Year = {2009}}

@inproceedings{Ahmed09,
	Author = {Amal Ahmed and Robert Bruce Findler and Jacob Matthews and Philip Wadler},
	Booktitle = {Script to Program Evolution (STOP)},
	Title = {Threesomes, With and Without Blame},
	Year = {2009}}

@inproceedings{Furr09,
	Author = {Michael Furr and Jong-hoon An and Jeffrey Foster and Michael Hicks},
	Booktitle = {Symposium on Applied Computing (SAC)},
	Title = {Static type inference for Ruby},
	Year = {2009}}

@inproceedings{Modula3,
	Author = {Cardelli,, L. and Donahue,, J. and Jordan,, M. and Kalsow,, B. and Nelson,, G.},
	Booktitle = {Symposium on Principles of Programming Languages (POPL)},
	Title = {The {M}odula--3 Type System},
	Year = {1989}}

@inproceedings{malayeriIntegrating08,
	Author = {Donna Malayeri and Jonathan Aldrich},
	Booktitle = {European Conference on Object Oriented Programming (ECOOP)},
	Title = {Integrating Nominal and Structural Subtyping},
	Year = 2008}

@book{TAPL,
	Author = {Benjamin C. Pierce},
	Title = {{T}ypes and {P}rogramming {L}anguages},
	Year = {2002},
        Publisher = {The MIT Press}}

@article{Eckel03,
	Author = {Bruce Eckel},
	Journal = {\url{http://www.mindview.net/WebLog/log-0025}},
	Title = {{S}trong {T}yping vs. {S}trong {T}esting},
	Year = {2003}}

@inproceedings{Nys03,
	Author = {Sven-Olof Nystr\"{o}m},
	Booktitle = {Workshop on Erlang (ERLANG)},
	Isbn = {1-58113-772-9},
	Title = {A soft-typing system for {E}rlang},
	Xxxpages = {56--71},
	Year = {2003}}

@misc{erlang,
	Howpublished = {\url{http://erlang.org/doc/}},
	Title = {Erlang Reference Manual},
	Year = 2008}

@techreport{Scala,
	Institution = {\'Ecole Polytechnique F\'ed\'erale de Lausanne},
	Title = {An Overview of the {S}cala Programming Language},
	Year = {2006}}

@misc{OCaml,
	Note = {http://caml.inria.fr/pub/docs/manual-ocaml/},
	Title = {The {Objective Caml} System, release 3.11.},
	Year = {2004}}

@book{Rails,
	Author = {Dave Thomas and David Heinemeier Hansson},
	Publisher = {Pragmatic Programmers LLC},
	Title = {Agile Web Development with Rails},
	Year = {2006}}

@inproceedings{Bigloo2,
	Author = {Yannis Bres and Bernard Paul Serpette and Manuel Serrano},
	Booktitle = {2nd International Workshop on .NET Technologies},
	Title = {Compiling Scheme programs to.NET Common Intermediate Language},
	Year = {2004}}

@inproceedings{TypedSchemePOPL08,
	Address = {New York, NY, USA},
	Author = {Sam Tobin-Hochstadt and Matthias Felleisen},
	Booktitle = {Symposium on Principles of Programming Languages (POPL)},
	Doi = {http://doi.acm.org/10.1145/1328438.1328486},
	Pages = {395--406},
	Publisher = {ACM},
	Title = {The Design and Implementation of {T}yped {S}cheme},
	Year = {2008}}

@inproceedings{SiekTaha07,
	Author = {Jeremy Siek and Walid Taha},
	Booktitle = {ECOOP},
	Doi = {10.1007/978-3-540-73589-2_2},
	Pages = {2--27},
	Title = {Gradual Typing for Objects},
	Volume = {4609},
	Year = {2007}}

@inproceedings{DLS2006,
	Address = {New York, NY, USA},
	Author = {Sam Tobin-Hochstadt and Matthias Felleisen},
	Booktitle = {OOPSLA},
	Doi = {http://doi.acm.org/10.1145/1176617.1176755},
	Pages = {964--974},
	Title = {Interlanguage Migration: From Scripts to Programs},
	Year = {2006}}

@misc{livelyKernel,
	Author = {{Sun Labs}},
	Note = {\url{http://research.sun.com/projects/lively/}},
	Title = {{Lively Kernel}},
	Year = {2009}}

@misc{prototypeLib,
	Author = {{The Prototype Core Team}},
	Note = {\url{http://www.prototypejs.org/}},
	Title = {{The Prototype JavaScript Framework}},
	Year = {2006--2007}}

@misc{basecamp,
	Author = {{37signals, LLC}},
	Note = {\url{http://basecamphq.com/}},
	Title = {{Basecamp}},
	Year = {1999--2009}}

@misc{amazon,
	Author = {{Amazon.com, Inc.}},
	Note = {\url{http://www.amazon.com/}},
	Title = {{amazon.com}},
	Year = {1996--2009}}
