@misc{R_man,
  title = {{R Language Manual}},
  author = {{R Core Team}},
  howpublished = {\url{https://stat.ethz.ch/R-manual/R-devel/doc/manual/R-lang.html}},
  year = {2018}
}

@inproceedings{aakerblom2015measuring,
 author = {Akerblom, Beatrice and Wrigstad, Tobias},
 title = {Measuring Polymorphism in Python Programs},
 booktitle = {Proceedings of the 11th Symposium on Dynamic Languages},
 series = {DLS 2015},
 year = {2015},
 doi = {10.1145/2816707.2816717},
}

@inproceedings{callau2011howdevelopers,
 author = {Calla\'{u}, Oscar and Robbes, Romain and Tanter, \'{E}ric and R\"{o}thlisberger, David},
 title = {How Developers Use the Dynamic Features of Programming Languages:
                  The Case of Smalltalk},
 booktitle = {Proceedings of the 8th Working Conference on Mining Software
                  Repositories},
 series = {MSR '11},
 year = {2011},
 pages = {23--32},
 doi = {10.1145/1985441.1985448},
}

@inproceedings{milojkovic2017duck,
 author = {Milojkovi\'{c}, Nevena and Ghafari, Mohammad and Nierstrasz, Oscar},
 title = {It's Duck (Typing) Season!},
 booktitle = {Proceedings of the 25th International Conference on Program Comprehension},
 series = {ICPC '17},
 year = {2017},
 doi = {10.1109/ICPC.2017.10},

} 

