@inproceedings{tip,
  author    = {Esben Andreasen and
               Colin S. Gordon and
               Satish Chandra and
               Manu Sridharan and
               Frank Tip and
               Koushik Sen},
  title     = {Trace Typing: An Approach for Evaluating Retrofitted Type Systems},
  booktitle = {European Conference on Object-Oriented Programming (ECOOP)},
  year      = {2016},
  doi       = {10.4230/LIPIcs.ECOOP.2016.1}}

@inproceedings{BAT14,
  author = {Gavin Bierman and Martin Abadi  and Mads Torgersen},
  title = {Understanding {TypeScript}},
  year = 2014,
  booktitle = {European Conference on Object-Oriented Programming (ECOOP)}}


@techreport{typescript13,
title = "TypeScript -- Language Specification Version 0.9.1",
author = "Microsoft",
month = Aug,
year = 2013}

@techreport{dart13,
title = "Dart Programming Language Specification -- Draft Version 0.8",
author = "The Dart Team",
month= Nov,
year= 2013}

@misc{hack13,
title = "Hack for {HipHop}",
author = "Julien Verlaguet",
note = "CUFP, 2013, \url{http://tinyurl.com/lk8fy9q}.",
month= Sep,
year= 2013}


@article{GS13,
title = "Gradual typing for Smalltalk ",
journal = "Science of Computer Programming ",
number = "0",
year = "2013",
doi = "http://dx.doi.org/10.1016/j.scico.2013.06.006",
author = "Esteban Allende and Oscar Calla� and Johan Fabry and �ric Tanter and Marcus Denker",
}

@inproceedings{Borning82,
 author = {Borning, Alan H. and Ingalls, Daniel H. H.},
 title = {A type declaration and inference system for {S}malltalk},
 booktitle = {Proceedings of the Symposium on Principles of Programming Languages (POPL)},
 year = {1982},
 pages = {133--141},
   doi = {10.1145/582153.582168},
 }

@inproceedings{Suzuki81,
 author = {Suzuki, Norihisa},
 title = {Inferring types in Smalltalk},
 booktitle = {Proceedings of the Symposium on Principles of Programming Languages (POPL)},
 year = {1981},
 pages = {187--199},
 doi = {10.1145/567532.567553},
}


@inproceedings{noble08,
  author    = {Ewan D. Tempero and
               James Noble and
               Hayden Melton},
  title     = {How Do Java Programs Use Inheritance? An Empirical Study
               of Inheritance in Java Software},
  year      = {2008},
  booktitle = {European Conference on Object-Oriented Programming (ECOOP)}}

@article{calder,
author = "Brad Calder and Dirk Grunwald and Benjamin Zorn",
title = "Quantifying Behavioral Differences Between C and C++ Programs",
journal = "Journal of Programming Languages",
vol = 2,
number = 4,
year = 1994}

@inproceedings{dong,
  author = "Dongseok Jang and Kwang-Moo Choe",
  title = "Points-to Analysis for {J}ava{S}cript",
  booktitle = "Symposium on Applied Computing (SAC)",
  year = 2009}



@inproceedings{thiemann05,
  author    = {Peter Thiemann},
  title     = {Towards a Type System for Analyzing {J}ava{S}cript Programs},
  year      = {2005},
  booktitle     = {European Symposium on Programming (ESOP)},
  doi = {10.1007/978-3-540-31987-0_28}}

@article{anderson05,
  author    = {Christopher Anderson and  Paola Giannini},
  title     = {Type Checking for {J}ava{S}cript},
  journal   = {Electr. Notes Theor. Comput. Sci.},
  volume    = {138},
  number    = {2},
  pages     = {37--58},
  Doi       = {10.1016/j.entcs.2005.09.010},
  year      = {2005}}

@PHDTHESIS{andersonphd,
school		= {Department of Computing, Imperial College London},
title		= {{Type Inference for {J}ava{S}cript}},
author		= {Anderson, Christopher},
month		= {March},
year		= {2006}}

@InProceedings{lerner09,
  title =	"Staged information flow for {J}ava{S}cript",
  author =	"Ravi Chugh and Jeffrey A. Meister and Ranjit Jhala and
		 Sorin Lerner",
  booktitle =	"Programming Language Design and Implementation, {(PLDI)}",
  year = 	"2009"}


inproceedings{shriram09,
  author    = {Arjun Guha and
               Shriram Krishnamurthi and
               Trevor Jim},
  title     = {Using static analysis for Ajax intrusion detection},
  year      = {2009},
  booktitle     = {International Conference on World Wide Web (WWW)}}}


@inproceedings{yu07,
  author    = {Dachuan Yu and
               Ajay Chander and
               Nayeem Islam and
               Igor Serikov},
  year = 2007,
  title     = {{J}ava{S}cript instrumentation for browser security},
  booktitle     = {Symposium on Principles of Programming Languages (POPL)}}

@inproceedings{vigna07,
  author    = {Philipp Vogt and
               Florian Nentwich and
               Nenad Jovanovic and
               Engin Kirda and
               Christopher Kr{\"u}gel and
               Giovanni Vigna},
  title     = {Cross Site Scripting Prevention with Dynamic Data Tainting
               and Static Analysis},
  year = 2007,
  booktitle  = {Network and Distributed System Security
               Symposium (NDSS)}}

@inproceedings{maffeis09,
  author    = {Sergio Maffeis and
               John C. Mitchell and
               Ankur Taly},
  title     = {Isolating {J}ava{S}cript with Filters, Rewriting, and Wrappers},
  year      = {2009},
  booktitle = {European Symposium on Research in Computer Security (ESORICS)}}



@inproceedings{stop,
   title = "Understanding the Dynamics of {J}ava{S}cript",
   author = "Sylvain Lebresne and Gregor Richards  and Johan {\"Ostlund}
             and Tobias Wrigstad and Jan Vitek",
   booktitle = "Workshop on Script to Program Evolution (STOP)",
   year = 2009
}

@phdthesis{sth10,
 title = {Typed {Scheme}: {From} Scripts to Programs},
 author = {Sam Tobin-Hochstadt },
 year = 2010,
 institution= {Northeastern University}
}


@inproceedings{SiekTaha07,
  title = {Gradual Typing for Objects},
  author = {Jeremy Siek and Walid Taha},
 booktitle = {European Conference on Object Oriented Programming (ECOOP)},
  year = {2007}}
  XXpages = {2--27},
  doi = {10.1007/978-3-540-73589-2_2},
}


@Misc{WebKit,
  title = {{The WebKit Open Source Project}},
  author = {{The WebKit Team}},
  year =  {2009},
  note =  {\url{http://webkit.org/}}
}

@Misc{sunSpider,
  title = {{SunSpider {J}ava{S}cript Benchmark}},
  author = {{WebKit}},
  note =  {\url{http://www2.webkit.org/perf/sunspider-0.9/sunspider.html}}
}

@Misc{gmail,
  title = {{Gmail}},
  author = {{Google}},
  year =  {2009},
  note =  {\url{http://mail.google.com/}}
}

@Misc{facebook,
  title = {{Facebook}},
  author = {{Facebook}},
  year =  {2009},
  note =  {\url{http://www.facebook.com/}}
}

@Misc{livelyKernel,
  title = {{Lively Kernel}},
  author = {{Sun Labs}},
  year =  {2009},
  note =  {\url{http://research.sun.com/projects/lively/}}
}

@Misc{prototypeLib,
  title = {{The Prototype {J}ava{S}cript Framework}},
  author = {{The Prototype Core Team}},
  year =  {2006--2007},
  note =  {\url{http://www.prototypejs.org/}}
}

@Misc{nasa,
  title = {{NASA}},
  author = {{National Aeronautics and Space Agency}},
  note =  {\url{http://www.nasa.gov/}}
}

@Misc{basecamp,
  title = {{Basecamp}},
  author = {{37signals, LLC}},
  year =  {1999--2009},
  note =  {\url{http://basecamphq.com/}}
}

@Misc{amazon,
  title = {{amazon.com}},
  author = {{Amazon.com, Inc.}},
  year =  {1996--2009},
  note =  {\url{http://www.amazon.com/}}
}

@proceedings{Cop05,
  volume = {136},
  editor = {Mario Coppo and Ferruccio Damiani},
  title = {International Workshop on Intersection Types and Related Systems (ITRS)},
  tag = {ENTCS, volume 136, Elsevier},
  publisher = {Elsevier},
  series = {ENTCS},
  year = {2005},
}

@article{CDC94,
  volume = {66},
  url = {http://www.di.unito.it/~dezani/papers/CDdL94.pdf},
  title = {{Combining Type Disciplines}},
  author = {F. Cardone and M. Dezani-Ciancaglini and U. de' Liguoro},
  year = {1994},
  pages = {197--230},
  journal = {Annals of Pure and Applied Logic},
}

@inproceedings{MYC03,
 author = {Mandelbaum,, Yitzhak and Walker,, David and Harper,, Robert},
 title = {An effective theory of type refinements},
 booktitle = {ICFP '03},
 year = {2003},
 isbn = {1-58113-756-7},
 pages = {213--225},
 location = {Uppsala, Sweden},
 doi = {10.1145/944705.944725},
 publisher = {ACM},
 address = {New York, NY, USA},
}

booktitle = {ICFP '03: Proceedings of the eighth ACM SIGPLAN international conference on Functional programming},

@article{depauw2002vej,
  title={{Visualizing the execution of {J}ava programs}},
  author={De Pauw, W. and Jensen, E. and Mitchell, N. and Sevitsky, G. and Vlissides, J. and Yang, J.},
  journal={Software Visualization},
  year={2002},
  publisher={Springer}
}

@conference{reiss2001ob,
  title={{An overview of BLOOM}},
  author={Reiss, S.P.},
  booktitle={Proceedings of the 2001 ACM SIGPLAN-SIGSOFT workshop on Program analysis for software tools and engineering},
  pages={2--5},
  year={2001},
  organization={ACM New York, NY, USA}
}

@conference{hamoulhadj2004ste,
  title={{A survey of trace exploration tools and techniques}},
  author={Hamou-Lhadj, A. and Lethbridge, T.C.},
  booktitle={Proceedings of the 2004 conference of the Centre for Advanced Studies on Collaborative research},
  pages={42--55},
  year={2004},
  organization={IBM Press}
}

@book{garret1994maa,
  title={{Measurement and application of dynamic receiver class distributions}},
  author={Garret, C.D. and Dean, J. and Grove, D. and Chambers, C.},
  year={1994},
  publisher={Univ of Washington}
}

@conference{holzle1994odd,
  title={{Optimizing dynamically-dispatched calls with run-time type feedback}},
  author={H{\"o}lzle, U. and Ungar, D.},
  booktitle={PLDI},
  pages={326--336},
  year={1994},
  organization={ACM New York, NY, USA}
}





@inproceedings{hendren,
  author    = {Bruno Dufour and
               Karel Driesen and
               Laurie J. Hendren and
               Clark Verbrugge},
  title     = {Dynamic metrics for java},
  year      = {2003},
  booktitle = {Proceedings of the Conference on Object-Oriented
               Programming Systems, Languages and Applications (OOPSLA)} }

@inproceedings{ff-oopsla01,
  author    = {Robert Bruce Findler and
               Matthias Felleisen},
  title     = {Contract Soundness for Object-Oriented Languages},
  booktitle = {Conference on Object-Oriented
               Programming Systems, Languages and Applications (OOPSLA)},
  year      = {2001},
  xxpages     = {1-15},
  xxee        = {http://doi.acm.org/10.1145/504282.504283},
}

@inproceedings{ff-icfp02,
  author    = {Robert Bruce Findler and
               Matthias Felleisen},
  title     = {Contracts for higher-order functions},
  year      = {2002},
  xxpages     = {48-59},
  xxee        = {http://doi.acm.org/10.1145/581478.581484},
  xxcrossref  = {DBLP:conf/icfp/2002},
  xxbibsource = {DBLP, http://dblp.uni-trier.de},
  booktitle     = {Conference
               on Functional Programming (ICFP)},
}

@inproceedings{fff-ecoop04,
  author    = {Robert Bruce Findler and
               Matthew Flatt and
               Matthias Felleisen},
  title     = {Semantic Casts: Contracts and Structural Subtyping in a
               Nominal World},
  year      = {2004},
  xxpages   = {364-388},
  xxee      = {http://dx.doi.org/10.1007/978-3-540-24851-4_17},
  booktitle = {European Conference on Object-Oriented Programming (ECOOP)} }

@inproceedings{tf-dls06,
  author    = {Sam Tobin-Hochstadt and
               Matthias Felleisen},
  title     = {Interlanguage migration: from scripts to programs},
  year      = {2006},
  xxpages     = {964-974},
  xxee        = {http://doi.acm.org/10.1145/1176617.1176755},
  booktitle = {Dynamic Language Symposium (DLS)} }

@inproceedings{tf-popl08,
  author    = {Sam Tobin-Hochstadt and
               Matthias Felleisen},
  title     = {The design and implementation of typed {Scheme}},
  year      = {2008},
  xxpages     = {395-406},
  xxee        = {http://doi.acm.org/10.1145/1328438.1328486},
  booktitle     = {Symposium on
               Principles of Programming Languages (POPL)} }



@inproceedings{IN06,
 author = {Atsushi Igarashi and Hideshi Nagira},
 title = {Union types for object-oriented programming},
 booktitle = {Proceedings of the 2006 ACM Symposium on Applied Computing},
 year = {2006},
 isbn = {1-59593-108-2},
 pages = {1435--1441},
 location = {Dijon, France},
 doi = {10.1145/1141277.1141610},
 publisher = {ACM},
 address = {New York, NY, USA},
 }

@article{Abadi91,
 author = {Mart\'{\i}n Abadi and Luca Cardelli and Benjamin Pierce and Gordon Plotkin},
 title = {Dynamic typing in a statically typed language},
 journal = {ACM Trans. Program. Lang. Syst.},
 volume = {13},
 number = {2},
 year = {1991},
 issn = {0164-0925},
 pages = {237--268},
 doi = {10.1145/103135.103138},
 publisher = {ACM},
 address = {New York, NY, USA},
 }

@inproceedings{GrayFF05,
  author    = {Kathryn E. Gray and
               Robert Bruce Findler and
               Matthew Flatt},
  title     = {Fine-grained interoperability through mirrors and contracts},
  year      = {2005},
  pages     = {231-245},
  booktitle = {Conference on
               Object-Oriented Programming, Systems, Languages, and Applications
               (OOPSLA)},
}

@inproceedings{typedlisp,
    author = {Robert Cartwright},
    booktitle = "International Colloquium on Automata,
               Languages and Programming (ICALP)",
    pages = {228--256},
    title = {User-Defined Data Types as an Aid to Verifying {LISP} Programs},
    year = {1976},
}

@inproceedings{softscheme,
 author = "{Andrew K.} Wright and Robert Cartwright",
 title = {A practical soft type system for {Scheme}},
 booktitle = {Conference on LISP and Functional programming},
 year = {1994},
 pages = {250--262}
}

@Misc{ObjC,
  author = 	 {Apple},
  title = 	 {The {Objective-C} 2.0 Programming Language},
  year = 	 {2009}
}

@inproceedings{Wadler09,
  author    = {Philip Wadler and Robert Bruce Findler},
  title     = {Well-Typed Programs Can't Be Blamed},
  year      = {2009},
  booktitle = {European Symposium on Programming (ESOP)}}

@inproceedings{Siek09,
  author    = {Jeremy G. Siek and Ronald Garcia and Walid Taha},
  title     = {Exploring the Design Space of Higher-Order Casts},
  year      = {2009},
  booktitle = {European Symposium on Programming (ESOP)}}

@inproceedings{SW09,
  author    = {Jeremy Siek and Philip Wadler},
  title     = {Threesomes, With and Without Blame},
  year      = {2009},
  booktitle = {Script to Program Evolution (STOP)}}

@inproceedings{Ahmed09,
  author    = {Amal Ahmed and Robert Bruce Findler and Jacob Matthews and Philip Wadler},
  title     = {Blame for all},
  year      = {2009},
  booktitle = {Script to Program Evolution (STOP)}}

@TechReport{Hage09,
  title = "Soft Typing {PHP}",
  author = "Patrick Camphuijsen and Jurriaan Hage and Stefan Holdermans",
  year = 2009,
  institution = "Utrecht University"}

@inproceedings{Bracha93,
  author   = {Gilad Bracha and David Griswold},
  title    = {Strongtalk: Typechecking {Smalltalk} in a Production Environment},
  booktitle= {OOPSLA},
  year      = {1993}}


@inproceedings{Nystrom03,
  author    = {Sven-Olof Nystr{\"o}m},
  title     = {A soft-typing system for {Erlang}},
  booktitle = {Erlang Workshop},
  year      = {2003}}


@inproceedings{Furr09,
  author    = {Michael Furr and Jong-hoon  An and Jeffrey Foster
               and Michael Hicks},
  title     = {Static type inference for Ruby},
  year      = {2009},
  booktitle = {Symposium on Applied Computing (SAC)}}

@inproceedings{FurrAF2009,
 author = {Furr, Michael and An, Jong-hoon (David) and Foster, Jeffrey S.},
 title = {Profile-guided static typing for dynamic scripting languages},
 booktitle = {OOPSLA},
 year = {2009},
 doi = {10.1145/1640089.1640110},
}

@Misc{Boo,
  author = {Rodrigo Barreto de Oliveira},
  title = {{The Boo Programming Language}},
  year = {2009},
  XXXnote = {\url{http://boo.codehaus.org}},
}

@inproceedings{Modula3,
 author = {Cardelli,, L. and Donahue,, J. and Jordan,, M. and Kalsow,,
                  B. and Nelson,, G.},
 title = {The {M}odula--3 Type System},
 booktitle = {Symposium on Principles of Programming Languages (POPL)},
 year = {1989},
 }

@inproceedings {malayeriIntegrating08,
     author = {Donna Malayeri and Jonathan Aldrich},
     title = {Integrating Nominal and Structural Subtyping},
     booktitle = {European Conference on Object Oriented Programming (ECOOP)},
     year = 2008}

@misc {Whiteoak,
     author = {Joseph Gil and Itay Maman},
     title = {Whiteoak},
     XXXnote = {\url{http://whiteoak.sourceforge.net/}},
}

@book{BeckSmalltalkPractices,
 author = {Kent Beck},
 title = {Smalltalk: {B}est {P}ractice {P}atterns},
 year = {1997},
 publisher = {Prentice-Hall},
 }


@Misc{DS06,
  title = {An upcoming experimental feature: {A}ctive {P}atterns in {F}\#},
  author = {Don Syme},
  year = {2006},
}

@Misc{Proofs,
  title = {Extended version with proofs. \url{http://moscova.inria.fr/~zappa/projects/liketypes}},
  key = {Wrigstad},
  year = {2009}
}

@Misc{PPM,
  title = {{P}luto---or how to make {Perl} juggle with billions},
  author = {Niclas Lundborg and Erwan Lemonnier},
  year = {2006},
  XXXnote = {\url{http://erwan.lemonnier.se/talks/pluto.html}}
}

@InProceedings{DS84,
  author = {L. Peter Deutsch and Alan Schiffman},
  title = {{E}fficient Implementation of the {S}malltalk-80 System},
  booktitle = {Symposium on the Principles of Programming Languages (POPL)},
  year = {1984},
}

@InProceedings{Ayc00,
  author = {John Aycock},
  title = {Aggressive Type Inference},
  booktitle = {International Python Conference},
  year = {2000}}

@InProceedings{PythonAintDynamic,
  author = {Alex Holkner and James Harland},
  title = {Evaluating the Dynamic Behaviour of {P}ython Applications},
  booktitle = { Australasian Computer Science Conference (ACSC)},
  pages={19--28},
  year = {2009}}

@InProceedings{Thorn,
  title = {Thorn--Robust, Concurrent, Extensible Scripting on the {JVM}},
  author = {Bard Bloom and
John Field and
Nathaniel Nystrom and
Johan {\"O}stlund and
Gregor Richards and
Rok Strni{\v{s}}a and
Jan Vitek and
Tobias Wrigstad},
  booktitle = {OOPSLA},
  year = 2009}

@InProceedings{OptionTypes,
  author = {Burak Emir and Martin Odersky and John Williams},
  title = {Matching Objects with Patterns},
  booktitle = {European Conference on Object Oriented Programming (ECOOP)},
  year = {2007}}

@InProceedings{AXE,
  booktitle = {Workshop on Formal Design of Safety Critical Embedded Systems},
  title = {Four-fold Increase in Productivity and Quality},
  author = {Ulf Wiger},
  year = {2001},
  XXXnote = {\url{http://www.erlang.se/publications/Ulf_Wiger.pdf}}
}

@Misc{JW06,
  author = {John Williams},
  month = {April},
  year = {2006},
  XXXnote = {\url{http://article.gmane.org/gmane.comp.lang.scala/1993}}
}

@InProceedings{TypePlug,
  author = {Niklaus Haldiman and Marcus Denker and Oscar Nierstrasz},
  title = {Practical, Pluggable Types for a Dynamic Language},
  booktitle = {International Conference on Dynamic Languages},
  year = {2009}}

@InProceedings{CHAGN07,
  author = {Jeremy Condit and Matthew Harren and Zachary Anderson and David
                  Gay and George Necula},
  title = {{D}ependent {T}ypes for {L}ow-Level {P}rogramming},
  booktitle = {European Symposium on Programming (ESOP)},
  year = {2007}
}

@mastersthesis{And07,
    Author = {Zachary Ryan Anderson},
    Title = {{S}tatic {A}nalysis of {C} for {H}ybrid {T}ype {C}hecking},
    School = {EECS Department, University of California, Berkeley},
    Year = {2007},
    Number = {UCB/EECS-2007-1}
}

@inproceedings{PACPE08,
   author = {Matthew M. Papi and Mahmood Ali and Telmo Luis Correa Jr.
	and Jeff H. Perkins and Michael D. Ernst},
   title = {Practical pluggable types for {J}ava},
   booktitle = {International Symposium on Software Testing and Analysis},
   year = {2008}}

@inproceedings{SoftTyping,
 author = {Robert Cartwright and Mike Fagan},
 title = {{S}oft {T}yping},
 booktitle = {Conference on Programming language design and implementation
                  (PLDI)},
 year = {1991}}


@article{Perl6,
 author = {Audrey Tang},
 title = {Perl 6: reconciling the irreconcilable},
 journal = {SIGPLAN Notices},
 volume = {42},
 number = {1},
 year = {2007}}


@Misc{SchemeNote,
  author = {Daniel P. Friedman and Christopher T Haynes and Eugene
                  Kohlbecker and Mitchell Wand},
  title = {A Guide to the Metaphysical Universe},
  year = {ca 1984}}

@inproceedings{SV08,
 author = {Jeremy G. Siek and Manish Vachharajani},
 title = {Gradual typing with unification-based inference},
 booktitle = {Symposium on Dynamic languages (DLS)},
 year = {2008}}

@inproceedings{JUSTII,
title = {Type inference for polymorphic methods in {J}ava-like languages},
author = {Davide Ancona and Giovanni Lagorio and Elena Zucca},
booktitle = {ICTCS},
year = {2007}}

@article{JUST,
title = {Just: Safe Unknown Types in {Java}-like Languages},
author = {Giovanni Lagorio and Elena Zucca},
journal = {Journal of Object Technology},
number = {2},
volume = {6},
year = {2007}}

@techreport{siek13XX,
  title = {Gradual Typing for Mutable Objects},
  author = { Jeremy G. Siek and Michael  Vitousek and Shashank Bharadwaj},
  institution = {Indiana University},
 ee = {http://ecee.colorado.edu/~siek/gtmo.pdf},
  year = {2013}}

@techreport{siek14,
  title = {Design and Evaluation of Gradual Typing for {P}ython},
  author = {Jeremy Siek and  Michael Vitousek and Andrew Kent and Jim Baker},
  institution = {Indiana University},
xxurl={http://wphomes.soic.indiana.edu/jsiek/files/2014/03/retic-python.pdf},
  year =2014
}


@book{TDD,
 author = {Kent Beck},
 title = {Test Driven Development: By Example},
 year = {2002},
 publisher = {Addison-Wesley}}

@TechReport{Cecil,
  title = {The {C}ecil Language: Specification \& Rationale},
  author = {Craig Chambers and {the Cecil Group}},
  institution = {University of Washington},
  year = {2004}}

@inproceedings{Fla06,
 author = {Cormac Flanagan},
 title = {Hybrid type checking},
 booktitle = {Symposium on Principles of
              Programming Languages (POPL)},
 year = {2006}}

@inproceedings{FF02,
  author = {Robert Bruce Findler and
               Matthias Felleisen},
  title = {Contracts for higher-order functions},
  booktitle = {International Conference on Functional Programming (ICFP)},
  year = {2002}}

@TechReport{Sage,
  author = {Kenneth Knowles and Aaron Tomb and Jessica Gronski and Stephen
                  N. Freund and Cormac Flanagan},
  title = {Sage: Unified Hybrid Checking for First-Class Types, General
                  Refinement Types, and Dynamic},
  institution = {University of California, Santa Cruz},
  year = {2006}}

@Misc{PythonSuccessStory,
  author = {Walter D{\"o}rwald and Alois Kastner-Maresch},
  title = {{XIST}: {A}n {XML} {T}ransformation {E}ngine {W}ritten in
                  {P}ython},
  XXXnote = {\url{http://www.python.org/about/success/xist/}}}


@Misc{JSON,
  key = {JSON},
  title = {Introducing {JSON}},
  note = {\url{http://www.json.org/}}
}

@Misc{clojure,
  key = {Clojure},
  title = {{C}lojure},
  note = {\url{http://clojure.org/}}}

@Misc{kawa,
  key = {Kawa},
  title = {The {K}awa language framework},
  note = {\url{http://www.gnu.org/software/kawa}}}

@Misc{jython,
  key = {Jython},
  title = {{T}he {J}ython {P}roject},
  note = {\url{http://www.jython.org/}}}

@Misc{jruby,
  key = {{JR}uby},
  title = {{J}ava powered {R}uby implementation},
  note = {\url{http://jruby.codehaus.org/}}}

@Book{Python,
  editor = {Guido van Rossum and Fred L. Drake Jr.},
  title = {{T}he {P}ython {L}anguage {R}eference {M}anual (version 2.5)},
  publisher = {Network Theory Ltd},
  year = {2006}}

@Book{Tcl,
  editor = {John K. Ousterhout},
  title = {{T}cl and the {T}k {T}oolkit},
  publisher = {Addison-Wesley Professional},
  year = {1994},
}

@Book{Groovy,
  editor = {Kenneth Barclay and John Savage},
  title = {{G}roovy {P}rogramming},
  publisher = {Morgan Kaufmann},
  year = {2006},
}

@inproceedings{Lua,
 author = {Roberto Ierusalimschy and Luiz Henrique de Figueiredo and
                  Waldemar Celes},
 title = {The evolution of {Lua}},
 booktitle = {Conference on History of programming languages (HOPL)},
 year = {2007},
 }

@book{Haskell,
	author = {Jones, Simon P. },
	publisher = {{Cambridge University Press}},
	title = {{H}askell 98 {L}anguage and {L}ibraries: {T}he {R}evised
                  {R}eport},
	year = {2003}
}


@book{SML,
        Address = {Cambridge, MA},
        Author = {Milner, Robin and Tofte, Mads and Harper, Robert},
        Key = {milner90},
        Publisher = {MIT Press},
        Title = {{T}he {D}efinition of {S}tandard {ML}},
        Year = 1990
}


@InProceedings{FCA,
  author = {Kim Mens and Tom Tourw{\'e}},
  title = {Conceptual Code Mining---Mining for Source-Code Regularities with
                  Formal Concept Analysis},
  booktitle = {12th ESUG Smalltalk Conference},
  year = {2004},
}

@Misc{Shootout,
  key = {Computer Language Benchmarks Game, The},
  title = {{T}he {C}omputer {L}anguage {B}enchmarks {G}ame},
  note = {\url{http://shootout.alioth.debian.org/}}
}


@article{FJ,
 author = {Atsushi Igarashi and Benjamin C. Pierce and Philip Wadler},
 title = {{F}eatherweight {J}ava: a minimal core calculus for {J}ava and
                  {GJ}},
 journal = {ACM Trans. Program. Lang. Syst.},
 volume = {23},
 number = {3},
 year = {2001}}

@article{IgarashiUnionTypes,
  author = {Atsushi Igarashi and
               Hideshi Nagira},
  title = {{U}nion {T}ypes for {O}bject-{O}riented {P}rogramming},
  journal = {Journal of Object Technology},
  volume = {6},
  number = {2},
  year = {2007},
}

@Misc{ActionScript3,
  author = {Adobe Systems Inc.},
  title = {{A}ction{S}cript 3.0 {L}anguage and {C}omponents {R}eference},
  year = {2008},
  XXXnote = {\url{http://livedocs.adobe.com/flash/9.0/ActionScriptLangRefV3/}}
}


@INPROCEEDINGS{Herman07,
    author = {David Herman and Aaron Tomb and Cormac Flanagan},
    title = {Space-Efficient Gradual Typing},
    booktitle = {In Trends in Functional Programming (TFP)},
    year = {2007}
}

@Misc{ECMAScript4,
  author = {{ECMA-262 Group}},
  title = {Proposed {ECMAS}cript 4th Edition---Language Overview},
  year = {2007}}

@InProceedings{MD04,
  author = {Erik Meijer and Peter Drayton},
  title = {{S}tatic {T}yping {W}here {P}ossible, {D}ynamic {T}yping {W}hen
                  {N}eeded: {T}he {E}nd of the {C}old {W}ar {B}etween
                  {P}rogramming {L}anguages},
  booktitle = {In Workshop on Revival of Dynamic Language co-located with
                  OOPSLA 2004},
  year = {2004},
}

@inproceedings{SBD04,
 author = {Nathanael Sch\"{a}rli and Andrew P. Black and St\'{e}phane
                  Ducasse},
 title = {Object-{O}riented {E}ncapsulation for {D}ynamically {T}yped
                  {L}anguages},
 booktitle = {Conference on Object-oriented programming,
                  systems, languages, and applications (OOPSLA)},
 year = {2004},
 XXXpages = {130--149},
 }


@book{PickAxe,
title = {{P}rogramming {R}uby: {T}he {P}ragmatic {P}rogrammer's {G}uide},
author = {David Thomas and Andrew Hunt},
edition = {2},
publisher = { The Pragmatic Programmers, LLC.},
url = {http://portal.acm.org/citation.cfm?id=357816},
year = {2005},
description = {Programming Ruby},
}

@article{Pre00,
 author = {Lutz Prechelt},
 title = {{A}n {E}mpirical {C}omparison of {S}even {P}rogramming
                  {L}anguages},
 journal = {Computer},
 volume = {33},
 number = {10},
 year = {2000},
 issn = {0018-9162},
 XXXpages = {23--29},
 }

@article{Ous98,
 author = {John K. Ousterhout},
 title = {{S}cripting: {H}igher-{L}evel {P}rogramming for the 21st
                  {C}entury},
 journal = {Computer},
 volume = {31},
 number = {3},
 year = {1998},
 issn = {0018-9162},
 XXXpages = {23--30},
 }

@inproceedings{StructuralTyping,
 author = {Luca Cardelli},
 title = {{S}tructural {S}ubtyping and the {N}otion of {P}ower {T}ype},
 booktitle = {POPL},
 year = {1988},
 XXXpages = {70--79},
 }


@ARTICLE{CW85,
    author = {Luca Cardelli and Peter Wegner},
    title = {{O}n {U}nderstanding {T}ypes, {D}ata {A}bstraction, and
                  {P}olymorphism},
    journal = {ACM Computing Surveys},
    year = {1985},
    volume = {17},
    XXXpages = {471--522}
}

@Article{Car91,
  author = {Luca Cardelli},
  title = {{T}ypeful {P}rogramming},
  journal = {Formal Description of Programming Concepts},
  year = {1991},
  XXXpages = {XXXpages 431-507},
}

@book{TAPL,
 author = {Benjamin C. Pierce},
 title = {{T}ypes and {P}rogramming {L}anguages},
 year = {2002},
 }

@Article{Eckel03,
  author = {Bruce Eckel},
  title = {{S}trong {T}yping vs. {S}trong {T}esting},
  journal = {\url{http://www.mindview.net/WebLog/log-0025}},
  year = {2003},
}

@article{MD04,
 author = {Erik Meijer and Peter Drayton},
 title = {Static typing where possible, dynamic typing when needed: {T}he
                  end of the cold war between programming languages},
 year = {2004},
 journal = {OOPSLA04, Workshop on Revival of Dynamic Languages},
 }

@article{Ous98,
 author = {J. K. Ousterhout},
 title = {Scripting: Higher-Level Programming for the 21st Century},
 year = {1998},
 journal = {Computer, 31(3):23 30},
 }

@article{PluggableTypes,
 author = {Gilad Bracha},
 title = {Pluggable Type Systems},
 year = {2004},
 journal = {OOPSLA04, Workshop on Revival of Dynamic Languages} }

@inproceedings{bracha96,
 author = {Gilad Bracha},
 title = {The {Strongtalk} Type System for {Smalltalk}},
 year = {1996},
 booktitle = {OOPSLA Workshop on Extending the Smalltalk Language} }

@Article{Pre00,
  author = {Lutz Prechelt},
  title = {An Empirical Comparison of Seven Programming Languages},
  journal = {IEEE Computer},
  year = {2000},
  XXXpages = {33(10)},
}

@Article{Pre99,
  author = {Lutz Prechelt},
  title = {Comparing {J}ava vs. {C}/{C}++ Efficiency Differences to
            Interpersonal Differences},
  journal = {Communications of the ACM},
  year = {1999},
  volume = {42},
  number = {10}}

@article{ACPP91,
  author = {Mart\'{\i}n Abadi and Luca Cardelli and Benjamin Pierce and
                  Gordon Plotkin},
  title = {{D}ynamic {T}yping in a {S}tatically {T}yped {L}anguage},
  journal = {ACM TOPLAS},
  volume = {13},
  number = {2},
  year = {1991} }


@INPROCEEDINGS{Arm97,
    author = {Joe Armstrong and Ericsson Telecom Ab},
    title = {The development of {E}rlang},
    booktitle = {International Conference on Functional Programming},
    year = {1997},
    XXXpages = {196--203},
}


@INPROCEEDINGS{AM91,
    author = {Alexander Aiken and Brian R. Murphy},
    title = {Static type inference in a dynamically typed language},
    booktitle = {POPL},
    year = {1991},
    XXXpages = {279--290},
}

@book{Perl,
  title = {{P}rogramming {P}erl},
  author = "Larry Wall and Tom Christiansen and Jon Orwant",
  edition = "3rd",
  publisher = "O'Reilly",
  year = 2000
}

@inproceedings{matchete,
  title = {Matchete: Paths through the Pattern Matching Jungle},
  author = "Martin Hirzel and Nathaniel Nystrom and Bard Bloom and Jan
            Vitek",
  booktitle = "Practical Aspects of Declarative Languages (PADL 2008)",
  XXXpages = "150--166",
  year = 2008
}

@Misc{erlang,
  title = {Erlang Reference Manual},
  howpublished = {\url{http://erlang.org/doc/}},
  year = 2008,
}

@TechReport{Scala,
    author = {Martin Odersky and Philippe Altherr and Vincent Cremet and
                  Iulian Dragos Gilles Dubochet and Burak Emir and Sean
                  McDirmid and St�phane Micheloud and Nikolay Mihaylov and
                  Michel Schinz and Erik Stenman and Lex Spoon and Matthias
                  Zenger},
    title = {An Overview of the {S}cala Programming Language},
  institution = {\'Ecole Polytechnique F\'ed\'erale de Lausanne },
    year = {2006}
}

@MISC{OCaml,
    author = {Xavier Leroy and Damien Doligez and Jacques Garrigue and
                  Didier R�my and J�r�me Vouillon},
    title = {The {Objective Caml} System, release 3.11.},
    note = {http://caml.inria.fr/pub/docs/manual-ocaml/},
    year = {2004}}


@Misc{PerlAtPPM,
 author = {Ed Stephenson},
 title = {{P}erl {R}uns {S}weden's {P}ension {S}ystem},
 howpublished = {O'Reilly Media},
 year = {2001},
}

@Book{Rails,
 author = {Dave Thomas and David Heinemeier Hansson},
 title = {Agile Web Development with Rails},
 publisher = {Pragmatic Programmers LLC},
 year = {2006}}

@Misc{Pwyky,
  author = {Sean B. Palmer},
  title = {Pwyky ({A} {P}ython {W}iki)},
  XXXnote = {\url{http://infomesh.net/pwyky/}}}

@Misc{Bigloo,
  author = {Manuel Serrano},
  title = {Bigloo---A ``practical {Scheme} compiler''},
  note = {2008}}



@InProceedings{Bigloo2,
  author = {Yannis Bres and Bernard Paul Serpette and Manuel Serrano},
  title = {Compiling Scheme programs to.NET Common Intermediate Language},
  booktitle = {2nd International Workshop on .NET Technologies},
  year = {2004}}

@TechReport{Vortex,
  author = {Craig Chambers and Jeffrey Dean and David Grove},
  title = {Whole-Program Optimization of Object-Oriented Languages},
  institution = {University of Washington},
  year = {1996}}

@article{CLOS,
 author = {Daniel G. Bobrow and Linda G. DeMichiel and Richard P. Gabriel
                  and Sonya E. Keene and Gregor Kiczales and David A. Moon},
 title = {Common Lisp Object System specification},
 journal = {SIGPLAN Not.},
 volume = {23},
 year = {1988}}


 @inproceedings{jensen-issta-2012,
     title = "Remedying the Eval that Men Do",
     author = "Simon Holm Jensen and Peter A. Jonsson and Anders M{\o}ller",
     year = "2012",
     month = "July",
     booktitle = "ISSTA '12: Proceedings of the 2012 International Symposium on Software Testing and Analysis",
     location = "Minneapolis, MN, USA",
 }
