
@techreport{plt-tr1,
  title       = {Reference: Racket},
  author      = {Matthew Flatt and PLT},
  number      = {PLT-TR-2010-1},
  institution = {PLT Design Inc.},
  year        = {2010},
  note        = {\url{http://racket-lang.org/tr1/}}
}

@TechReport{scala-tr,
  author =       {Martin Odersky and al.}, 
  title =        {An {O}verview of the {S}cala {P}rogramming 
                  {L}anguage}, 
  institution =  {EPFL}, 
  address =      {Lausanne, Switzerland}, 
  year =         2004, 
  number =       {IC/2004/64} 
} 

@book{eclipse,
  author = "Steve Holzner", 
  year = 2004,
  title = "Eclipse (1st ed.)",
  publisher = "O'Reilly Media"}

@inproceedings{hendren10,
  author    = {Maxime Chevalier-Boisvert and
               Laurie J. Hendren and
               Clark Verbrugge},
  title     = {Optimizing {Matlab} through Just-In-Time Specialization},
  year      = {2010},
  pages     = {46-65},
  ee        = {http://dx.doi.org/10.1007/978-3-642-11970-5_4},
  booktitle     = {Compiler Construction (CC)}}

@inproceedings{gregg10,
  author    = {Kevin Williams and
               Jason McCandless and
               David Gregg},
  title     = {Dynamic interpretation for dynamic scripting languages},
  year      = {2010},
  pages     = {278-287},
  ee        = {http://doi.acm.org/10.1145/1772954.1772993},
  booktitle     = {Symposium on Code Generation and Optimization (CGO)}}

@inproceedings{gregg09,
  author    = {Paul Biggar and
               Edsko de Vries and
               David Gregg},
  title     = {A practical solution for scripting language compilers},
  year      = {2009},
  pages     = {1916-1923},
  ee        = {http://doi.acm.org/10.1145/1529282.1529709},
  booktitle     = {Symposium on Applied Computing (SAC)}}

@inproceedings{padua02,
  author    = {George S. Almasi and
               David A. Padua},
  title     = {MaJIC: Compiling {MATLAB} for Speed and Responsiveness},
  booktitle = {Programming Language Design and Implementation (PLDI)},
  year      = {2002},
  pages     = {294-303},
  ee        = {http://doi.acm.org/10.1145/512529.512564}}

@inproceedings{padua00,
  author    = {George S. Almasi and
               David A. Padua},
  title     = {MaJIC: A {Matlab} Just-In-time Compiler},
  year      = {2000},
  pages     = {68-81},
  ee        = {http://link.springer.de/link/service/series/0558/bibs/2017/20170068.htm},
  booktitle     = {Languages and Compilers for Parallel Computing (LCPC)}}

@article{padua09,
  author    = {Mary W. Hall and
               David A. Padua and
               Keshav Pingali},
  title     = {Compiler research: the next 50 years},
  journal   = {Commun. ACM},
  volume    = {52},
  number    = {2},
  year      = {2009},
  pages     = {60-67},
  ee        = {http://doi.acm.org/10.1145/1461928.1461946}}

@article{banerjee07,
  author    = {Pramod G. Joisha and
               Prithviraj Banerjee},
  title     = {A translator system for the MATLAB language},
  journal   = {Softw., Pract. Exper.},
  volume    = {37},
  number    = {5},
  year      = {2007},
  pages     = {535-578},
  ee        = {http://dx.doi.org/10.1002/spe.781}}

@article{banerjee06,
  author    = {Pramod G. Joisha and
               Prithviraj Banerjee},
  title     = {An algebraic array shape inference system for MATLAB},
  journal   = {ACM Trans. Program. Lang. Syst.},
  volume    = {28},
  number    = {5},
  year      = {2006},
  pages     = {848-907},
  ee        = {http://doi.acm.org/10.1145/1152651}}

@book{tisdall01,
  title     = {Beginning Perl for Bioinformatics},
  author    = {James Tisdall},
  publisher = {O'Reilly Media},
  year =  2001}

@book{tisdall03,
  title     = {Mastering Perl for Bioinformatics},
  author    = {James Tisdall},
  publisher = {O'Reilly Media},
  year      = 2003}


@book{bassi,
  title     = {Python for Bioinformatics},
  publisher = {Chapman \& Hall},
  year      = 2005,
  author    = {Sebastian Bassi}}

@article{antcheva09,
title       = "{ROOT -- A C++} framework for petabyte data storage, statistical analysis and visualization",
journal     = "Computer Physics Communications",
volume      = "180",
number      = "12",
pages       = "2499 -- 2512",
year        = "2009",
doi         = "DOI: 10.1016/j.cpc.2009.08.005",
author      = "I. Antcheva and M. Ballintijn and B. Bellenot and M. Biskup and
     R. Brun and N. Buncic and Ph. Canal and D. Casadei and O. Couet and
    V. Fine and L. Franco and G. Ganis and A. Gheata and D. Gonzalez Maline 
    and M. Goto and J. Iwaszkiewicz and A. Kreshuk and D. Marcos Segura and 
    R. Maunder and L. Moneta and A. Naumann and E. Offermann and V. Onuchin 
    and S. Panacek and F. Rademakers and P. Russo and M. Tadel"}


@inproceedings{thiemann09,
  author    = {Simon Holm Jensen and
               Anders M{\o}ller and
               Peter Thiemann},
  title     = {Type Analysis for JavaScript},
  year      = {2009},
  pages     = {238-255},
  ee        = {http://dx.doi.org/10.1007/978-3-642-03237-0_17},
  booktitle     = {Static Analysis Symposium (SAS)}}

@inproceedings{pizlo07,
   author = {Filip Pizlo and Daniel Frampton and Erez Petrank and Bjarne Steensgaard},
  title = {Stopless: A real-time garbage collector for modern platforms},
  booktitle = {International Symposium on Memory Managment (ISMM)},
  year = 2007,
  pages = {159--172}}

@inproceedings{chickenclover,
author = {Filip Pizlo and Erez Petrank and Bjarne Steensgaard},
title = {A study of concurrent real-time garbage collectors},
booktitle = {Conference on Programming Language Design and Implementation
  (PLDI)}, 
year = 2008, 
pages = {33--44}}

@article{huds03,
author = {Richard~L. Hudson and J.~Eliot~B. Moss},
title = {Sapphire: Copying garbage collection without stopping the world},
journal = {Concurrency and Computation: Practice and Experience},
volume =15,
number ={3--5},
pages ={223--261},
year =  2003}

@Misc{rtems,
  key =		 {RTEMS},
  title =	 {Real-Time Executive for Multiprocessor Systems},
  url =		 {http://www.rtrms.org}
}

@inproceedings{nett93,
  title =	 "Real-Time Replication-Based Garbage Collection",
  author =	 "Scott Nettles and James O'Toole",
  booktitle = "Conference on Programming Language Design and Implementation (PLDI)",
  pages =	 {217--226},
  year = 1993,
  doi =		 {10.1145/155090.155111},
}

@inproceedings{auerbach,
  author =	 {Auerbach, Joshua and Bacon, David F. and Cheng, Perry and
                  Grove, David and Biron, Ben and Gracie, Charlie and
                  McCloskey, Bill and Micic, Aleksandar and Sciampacone, Ryan},
  title =	 {Tax-and-spend: democratic scheduling for real-time garbage
                  collection},
  booktitle =	 {Conference on Embedded Software (EMSOFT)},
  year =	 2008,
  pages =	 {245--254},
  month =	 oct,
  doi =		 {10.1145/1450058.1450092}
}

@inproceedings{auerbach07b,
  author =	 {Joshua Auerbach and David F. Bacon and Bob Blainey and Perry
                  Cheng and Michael Dawson and Mike Fulton and David Grove and
                  Darren Hart and Mark Stoodley},
  booktitle =	 {Conference on Embedded Software (EMSOFT)},
  pages =	 {249--258},
  title =	 {Design and implementation of a comprehensive real-time
                  {Java} virtual machine},
  year =	 2007,
  doi =		 {10.1145/1289927.1289967}
}

@inproceedings{jamaica07,
  author =	 {Fridtjof Siebert},
  title =	 {Realtime garbage collection in the {JamaicaVM} 3.0},
  booktitle =	 "Java Technologies for Real-time and Embedded Systems
                  (JTRES)",
  year =	 2007,
  month =	 sep,
  pages =	 {277-278},
  doi =		 {10.1145/1288940.1288954}
}

@InProceedings{dacapo,
  title =	 {The {DaCapo} Benchmarks: {Java} Benchmarking Development and
                  Analysis},
  author =	 {Blackburn, S. M. and Garner, R. and Hoffman, C. and Khan,
                  A. M.  and McKinley, K. S. and Bentzur, R. and Diwan, A. and
                  Feinberg, D.  and Frampton, D. and Guyer, S. Z. and Hirzel,
                  M. and Hosking, A.  and Jump, M. and Lee, H. and Moss,
                  J. E. B. and Phansalkar, A.  and Stefanovi\'{c}, D. and
                  {VanDrunen}, T. and von Dincklage, D.  and Wiedermann, B.},
  booktitle =	 {Conference on Object-Oriented
                  Programing, Systems, Languages, and Applications (OOPSLA)},
  year =	 2006,
  pages =	 {169--190},
  doi =		 {10.1145/1167473.1167488}
}

@Misc{DelsartMetronomeBlogPost,
 author = {Bertrand Delsart},
 title =  {Want a {Metronome} like RTGC?  {Do} it your self in {Java} {RTS}},
 url =    {http://blogs.sun.com/delsart/entry/want_a_metronome_like_rtgc}
}

@inproceedings{puff08,
author = {Wolfgang Puffitsch},
title = {Decoupled Root Scanning in Multi-processor Systems},
booktitle = {International Conference on Compilers, Architectures and Synthesis for Embedded Systems (CASES)},
year = 2008,
pages = {91--98},
doi = {10.1145/1450095.1450111},
}

@inproceedings{puff08a,
  author =	 {Wolfgang Puffitsch and Martin Schoeberl},
  title =	 {Non-Blocking Root Scanning for Real-Time Garbage Collection},
  booktitle =	 {International Workshop on Java Technologies for Real-Time
                  and Embedded Systems (JTRES)},
  year =	 2008,
  pages =	 {68--76},
  doi =		 {10.1145/1434790.1434801},
}

@misc{perc,
 author ={Aonix},
 title = "{PERC Products}",
 year = 2009,
 url ={http://www.aonix.com/perc.html}}

@misc{jamvm,
  author =	 {R. Lougher},
  title =	 "{JamVM -- A compact Java virtual machine}",
  url =		 {http://jamvm.sourceforge.net},
  year =	 2009
}

@inproceedings{immix,
  author =	 "Steve Blackburn and Kathryn McKinley",
  title =	 {Immix: A mark-region garbage collector with space
                  efficiency, fast collection, and mutator performance},
  booktitle =	 "Programming Language Design and Implementation (PLDI)",
  pages =	 {22-32},
  year =	 2008,
  doi =		 {10.1145/1375581.1375586}
}

@techreport{staccato,
  author =	 "B. McCloskey and David Bacon and Perry Cheng and David
                  Grove",
  title =	 "Staccato: A Parallel and Concurrent Real-time Compacting
                  Garbage Collector for Multiprocessors",
  institution =	 {IBM Research},
  number =	 "RC24505",
  year =	 2008
}

@misc{scj,
author = "{JSR 302}",
title = "{Safety Critical Java specification}", 
year = 2007,
 url = {http://jcp.org/en/jsr/detail?id=302}}

@misc{azul,
 author = "{Azul Systems}",
 url = {http://www.azulsystems.com}, 
 year = 2009}

@article{Baker92c,
  author    = {Henry G. Baker},
  title     = {The treadmill: real-time garbage collection without motion
               sickness},
  journal   = {SIGPLAN Notices},
  volume    = {27},
  number    = {3},
  year      = {1992},
  pages     = {66-70}}


@inproceedings{generationalrtgc,
  author =	 {Daniel Frampton and David F. Bacon and Perry Cheng and David
                  Grove},
  title =	 {Generational Real-Time Garbage Collection},
  year =	 2007,
  pages =	 {101-125},
  booktitle =	 {European Conference on Object-Oriented Programming (ECOOP)}
}

@inproceedings{syncopation,
  author =	 {David F. Bacon and Perry Cheng and David Grove and Martin
                  T. Vechev},
  title =	 {Syncopation: generational real-time garbage collection in
                  the {Metronome}},
  pages =	 {183-192},
  booktitle =	 {Conference on Languages, Compilers, and Tools for Embedded Systems
                  (LCTES)},
  year =	 2005,
  doi =		 {10.1145/1065910.1065937}
}


@Book{bruno,
  author = "Eric Bruno and Greg Bollella",
  title = "Real-Time {Java} Programming: With {Java RTS}",
  Publisher = {Addison-Wesley},
  year = 2009}

@inproceedings{jamaica01,
  author =	 {Fridtjof Siebert and Andy Walter},
  title =	 {Deterministic Execution of {Java's} Primitive Bytecode
                  Operations},
  booktitle =	 {Java Virtual Machine Research and Technology Symposium
                  (JVM)},
  year =	 2001,
  pages =	 {141-152}
}

@inproceedings{pauseless,
  author =	 {Cliff Click and Gil Tene and Michael Wolf},
  title =	 {The {Pauseless} {GC} algorithm},
  year =	 2005,
  pages =	 {46-56},
  booktitle =	 {International Conference on Virtual Execution Environments
                  (VEE)},
  doi =		 {10.1145/1064979.1064988}
}

@InProceedings{PERC09,
  title =	 "Use of {PERC} Pico in the {AIDA} avionics platform",
  author =	 "Tobias Schoofs and Eric Jenn and St{\'e}phane Leriche and
                  Kelvin Nilsen and Ludovic Gauthier and Marc Richard-Foy",
  booktitle =	 "International Workshop on Java Technologies for Real-Time
                  and Embedded Systems (JTRES)",
  year =	 "2009",
  pages =	 "169--178"
}

@article{Nilsen88,
	Author = {Kelvin Nilsen},
	Journal = {Software, Practice \& Experience},
	Number = {7},
	Pages = {613-640},
	Title = {Garbage Collection of Strings and Linked Data Structured in Real Time},
	Volume = {18},
	Year = {1988}}


@inproceedings{cfa,
 author = {Olin Shivers},
 title = {Control flow analysis in scheme},
 booktitle = {Conference on Programming Language design and Implementation (PLDI)},
 year = {1988},
 pages = {164--174} }

@inproceedings{friendorfoe,
  author    = {Stephen Blackburn and  Antony Hosking},
  title     = {Barriers: friend or foe?},
  year      = {2004},
  pages     = {143-151},
  booktitle     = {International Symposium on Memory Management (ISMM)}}


@article{harissa,
  author    = {Gilles Muller and Ulrik Pagh Schultz},
  title     = {Harissa: A Hybrid Approach to {Java} Execution},
  journal   = {IEEE Software},
  volume    = {16},
  number    = {2},
  year      = {1999}}





@inproceedings{wimmer09,
  author    = {Christian Wimmer and
               Marcelo Silva Cintra and
               Michael Bebenita and
               Mason Chang and
               Andreas Gal and
               Michael Franz},
  title     = {Phase detection using trace compilation},
  year      = {2009},
  pages     = {172-181},
  ee        = {http://doi.acm.org/10.1145/1596655.1596683},
  booktitle = {Conference on Principles
               and Practice of Programming in Java (PPPJ)}}

@inproceedings{chang09,
  author    = {Mason Chang and
               Edwin W. Smith and
               Rick Reitmaier and
               Michael Bebenita and
               Andreas Gal and
               Christian Wimmer and
               Brendan Eich and
               Michael Franz},
  title     = {Tracing for web 3.0: trace compilation for the next generation
               web applications},
  booktitle = {Conference on Virtual
               Execution Environments (VEE)},
  year      = {2009},
  pages     = {71-80},
  ee        = {http://doi.acm.org/10.1145/1508293.1508304}}

@inproceedings{gal06,
  author    = {Andreas Gal and
               Christian W. Probst and
               Michael Franz},
  title     = {HotpathVM: an effective JIT compiler for resource-constrained
               devices},
  year      = {2006},
  pages     = {144-153},
  ee        = {http://doi.acm.org/10.1145/1134760.1134780},
  booktitle = {Conference on Virtual
               Execution Environments (VEE)}}



@inproceedings{Wadler09,
  author    = {Philip Wadler and Robert Bruce Findler},
  title     = {Well-Typed Programs Can't Be Blamed},
  year      = {2009},
  booktitle = {European Symposium on Programming (ESOP)}}

@inproceedings{Siek09,
  author    = {Jeremy G. Siek and Ronald Garcia and Walid Taha},
  title     = {Exploring the Design Space of Higher-Order Casts},
  year      = {2009},
  booktitle = {European Symposium on Programming (ESOP)}}

@inproceedings{SW09,
  author    = {Jeremy Siek and Philip Wadler},
  title     = {Threesomes, With and Without Blame},
  year      = {2009},
  booktitle = {Script to Program Evolution (STOP)}}

@inproceedings{Ahmed09,
  author    = {Amal Ahmed and Robert Bruce Findler and Jacob Matthews and Philip Wadler},
  title     = {Threesomes, With and Without Blame},
  year      = {2009},
  booktitle = {Script to Program Evolution (STOP)}}

@TechReport{Hage09,
  title = "Soft Typing {PHP}",
  author = "Patrick Camphuijsen and Jurriaan Hage and Stefan Holdermans",
  year = 2009,
  institution = "Utrecht University"}

@inproceedings{Bracha93,
  author   = {Gilad Bracha and David Griswold},
  title    = {Strongtalk: Typechecking {Smalltalk} in a Production Environment},
  booktitle= {OOPSLA},
  year      = {1993}}


@inproceedings{Nystrom03,
  author    = {Sven-Olof Nystr{\"o}m},
  title     = {A soft-typing system for Erlang},
  booktitle = {Erlang Workshop},
  year      = {2003}}


@inproceedings{Furr09,
  author    = {Michael Furr and Jong-hoon  An and Jeffrey Foster
               and Michael Hicks},
  title     = {Static type inference for Ruby},
  year      = {2009},
  booktitle = {Symposium on Applied Computing (SAC)}}

@Misc{Boo,
  author = {Rodrigo Barreto de Oliveira},
  title = {{The Boo Programming Language}},
  year = {2009},
  XXXnote = {\url{http://boo.codehaus.org}},
}

@inproceedings{Modula3,
 author = {Cardelli,, L. and Donahue,, J. and Jordan,, M. and Kalsow,,
                  B. and Nelson,, G.},
 title = {The {M}odula--3 Type System},
 booktitle = {Symposium on Principles of Programming Languages (POPL)},
 year = {1989},
 }

@inproceedings {malayeriIntegrating08,
     author = {Donna Malayeri and Jonathan Aldrich},
     title = {Integrating Nominal and Structural Subtyping},
     booktitle = {European Conference on Object Oriented Programming (ECOOP)},
     year = 2008}

@misc {Whiteoak,
     author = {Joseph Gil and Itay Maman},
     title = {Whiteoak},
     XXXnote = {\url{http://whiteoak.sourceforge.net/}},
}

@book{BeckSmalltalkPractices,
 author = {Kent Beck},
 title = {Smalltalk: {B}est {P}ractice {P}atterns},
 year = {1997},
 publisher = {Prentice-Hall},
 }

@Misc{DS06,
  title = {An upcoming experimental feature: {A}ctive {P}atterns in {F}\#},
  author = {Don Syme},
  year = {2006},
}

@Misc{PPM,
  title = {{P}luto---or how to make {Perl} juggle with billions},
  author = {Niclas Lundborg and Erwan Lemonnier},
  year = {2006},
  XXXnote = {\url{http://erwan.lemonnier.se/talks/pluto.html}}
}

@InProceedings{DS84,
  author = {L. Peter Deutsch and Alan Schiffman},
  title = {{E}fficient Implementation of the {S}malltalk-80 System},
  booktitle = {Symposium on the Principles of Programming Languages (POPL)},
  year = {1984},
}

@InProceedings{Ayc00,
  author = {John Aycock},
  title = {Aggressive Type Inference},
  booktitle = {International Python Conference},
  year = {2000}}

@InProceedings{PythonAintDynamic,
  author = {Alex Holkner and James Harland},
  title = {Evaluating the Dynamic Behaviour of {P}ython Applications},
  booktitle = { Australasian Computer Science Conference (ACSC)},
  year = {2009}}

@InProceedings{Thorn,
  title = {Thorn--Robust, Concurrent, Extensible Scripting on the {JVM}},
  author = {Tobias Wrigstad and Johan {\"O}stlund and Gregor Richards and
            Bard Bloom and John Field and Nathaniel Nystrom and Rok
            Strni{\^s}a and Jan Vitek},
  booktitle = {Conference on Object-oriented programming, systems,
                  languages, and applications (OOPSLA)},
  year = 2009}

@InProceedings{OptionTypes,
  author = {Burak Emir and Martin Odersky and John Williams},
  title = {Matching Objects with Patterns},
  booktitle = {European Conference on Object Oriented Programming (ECOOP)},
  year = {2007}}

@InProceedings{AXE,
  booktitle = {Workshop on Formal Design of Safety Critical Embedded Systems},
  title = {Four-fold Increase in Productivity and Quality},
  author = {Ulf Wiger},
  year = {2001},
  XXXnote = {\url{http://www.erlang.se/publications/Ulf_Wiger.pdf}}
}

@Misc{JW06,
  author = {John Williams},
  month = {April},
  year = {2006},
  XXXnote = {\url{http://article.gmane.org/gmane.comp.lang.scala/1993}}
}

@InProceedings{TypePlug,
  author = {Niklaus Haldiman and Marcus Denker and Oscar Nierstrasz},
  title = {Practical, Pluggable Types for a Dynamic Language},
  booktitle = {International Conference on Dynamic Languages (ESUG/ICDL)},
  year = {2009}}

@InProceedings{CHAGN07,
  author = {Jeremy Condit and Matthew Harren and Zachary Anderson and David
                  Gay and George Necula},
  title = {{D}ependent {T}ypes for {L}ow-Level {P}rogramming},
  booktitle = {European Symposium on Programming (ESOP)},
  year = {2007}
}

@mastersthesis{And07,
    Author = {Zachary Ryan Anderson},
    Title = {{S}tatic {A}nalysis of {C} for {H}ybrid {T}ype {C}hecking},
    School = {EECS Department, University of California, Berkeley},
    Year = {2007},
    Number = {UCB/EECS-2007-1}
}

@inproceedings{PACPE08,
   author = {Matthew M. Papi and Mahmood Ali and Telmo Luis Correa Jr.
	and Jeff H. Perkins and Michael D. Ernst},
   title = {Practical pluggable types for {J}ava},
   booktitle = {International Symposium on Software Testing and Analysis},
   year = {2008}}


@article{Perl6,
 author = {Audrey Tang},
 title = {Perl 6: reconciling the irreconcilable},
 journal = {SIGPLAN Notices},
 volume = {42},
 number = {1},
 year = {2007}}


@Misc{SchemeNote,
  author = {Daniel P. Friedman and Christopher T Haynes and Eugene
                  Kohlbecker and Mitchell Wand},
  title = {A Guide to the Metaphysical Universe},
  year = {ca 1984}}

@inproceedings{JUSTII,
title = {Type inference for polymorphic methods in {J}ava-like languages},
author = {Davide Ancona and Giovanni Lagorio and Elena Zucca},
booktitle = {ICTCS}}
year = {2007}}

@article{JUST,
title = {Just: Safe Unknown Types in {Java}-like Languages},
author = {Giovanni Lagorio and Elena Zucca},
journal = {Journal of Object Technology},
number = {2},
volume = {6},
year = {2007}}

@article{drossopoulou:babyj,
  title = {{BabyJ}: From Object Based to Class Based Programming via Types},
  author = {Christopher Anderson and Sophia Drossopoulou},
  journal = {Electr. Notes Theor. Comput. Sci.},
  number = {7},
  volume = {82},
  year = {2003}}

@book{TDD,
 author = {Kent Beck},
 title = {Test Driven Development: By Example},
 year = {2002},
 publisher = {Addison-Wesley}}

@TechReport{Cecil,
  title = {The {C}ecil Language: Specification \& Rationale},
  author = {Craig Chambers and {the Cecil Group}},
  institution = {University of Washington},
  year = {2004}}

@inproceedings{Fla06,
 author = {Cormac Flanagan},
 title = {Hybrid type checking},
 booktitle = {Conference record of the ACM symposium on Principles of
              programming languages (POPL)},
 year = {2006}}
  
@inproceedings{FF02,
  author = {Robert Bruce Findler and
               Matthias Felleisen},
  title = {Contracts for higher-order functions},
  booktitle = {International Conference on Functional Programming (ICFP)},
  year = {2002}}

@TechReport{Sage,
  author = {Kenneth Knowles and Aaron Tomb and Jessica Gronski and Stephen
                  N. Freund and Cormac Flanagan},
  title = {Sage: Unified Hybrid Checking for First-Class Types, General
                  Refinement Types, and Dynamic},
  institution = {University of California, Santa Cruz},
  year = {2006}}

@Misc{PythonSuccessStory,
  author = {Walter D{\"o}rwald and Alois Kastner-Maresch},
  title = {{XIST}: {A}n {XML} {T}ransformation {E}ngine {W}ritten in
                  {P}ython},
  XXXnote = {\url{http://www.python.org/about/success/xist/}}}


@Misc{JSON,
  key = {JSON},
  title = {Introducing {JSON}},
  note = {\url{http://www.json.org/}}
}

@Misc{clojure,
  key = {Clojure},
  title = {{C}lojure},
  note = {\url{http://clojure.org/}}}

@Misc{kawa,
  key = {Kawa},
  title = {The {K}awa language framework},
  note = {\url{http://www.gnu.org/software/kawa}}}

@Misc{jython,
  key = {Jython},
  title = {{T}he {J}ython {P}roject},
  note = {\url{http://www.jython.org/}}}

@Misc{jruby,
  key = {{JR}uby},
  title = {{J}ava powered {R}uby implementation},
  note = {\url{http://jruby.codehaus.org/}}}

@Book{Python,
  editor = {Guido van Rossum and Fred L. Drake Jr.},
  title = {{T}he {P}ython {L}anguage {R}eference {M}anual (version 2.5)},
  publisher = {Network Theory Ltd},
  year = {2006}}

@Book{Tcl,
  editor = {John K. Ousterhout},
  title = {{T}cl and the {T}k {T}oolkit},
  publisher = {Addison-Wesley Professional},
  year = {1994},
}

@Book{Groovy,
  editor = {Kenneth Barclay and John Savage},
  title = {{G}roovy {P}rogramming},
  publisher = {Morgan Kaufmann},
  year = {2006},
}

@inproceedings{Lua,
 author = {Roberto Ierusalimschy and Luiz Henrique de Figueiredo and
                  Waldemar Celes},
 title = {The evolution of {Lua}},
 booktitle = {Conference on History of programming languages (HOPL)},
 year = {2007},
 }

@book{Haskell,
	author = {Jones, Simon P. },
	publisher = {{Cambridge University Press}},
	title = {{H}askell 98 {L}anguage and {L}ibraries: {T}he {R}evised
                  {R}eport},
	year = {2003}
}


@book{SML,
        Address = {Cambridge, MA},
        Author = {Milner, Robin and Tofte, Mads and Harper, Robert},
        Key = {milner90},
        Publisher = {MIT Press},
        Title = {{T}he {D}efinition of {S}tandard {ML}},
        Year = 1990
}


@InProceedings{FCA,
  author = {Kim Mens and Tom Tourw{\'e}},
  title = {Conceptual Code Mining---Mining for Source-Code Regularities with
                  Formal Concept Analysis},
  booktitle = {12th ESUG Smalltalk Conference},
  year = {2004},
}

@Misc{Shootout,
  key = {Computer Language Benchmarks Game, The},
  title = {{T}he {C}omputer {L}anguage {B}enchmarks {G}ame},
  note = {\url{http://shootout.alioth.debian.org/}}
}


@article{FJ,
 author = {Atsushi Igarashi and Benjamin C. Pierce and Philip Wadler},
 title = {{F}eatherweight {J}ava: a minimal core calculus for {J}ava and
                  {GJ}},
 journal = {ACM Trans. Program. Lang. Syst.},
 volume = {23},
 number = {3},
 year = {2001}}

@article{IgarashiUnionTypes,
  author = {Atsushi Igarashi and
               Hideshi Nagira},
  title = {{U}nion {T}ypes for {O}bject-{O}riented {P}rogramming},
  journal = {Journal of Object Technology},
  volume = {6},
  number = {2},
  year = {2007},
}

@Misc{ActionScript3,
  author = {Adobe Systems Inc.},
  title = {{A}ction{S}cript 3.0 {L}anguage and {C}omponents {R}eference},
  year = {2008},
  XXXnote = {\url{http://livedocs.adobe.com/flash/9.0/ActionScriptLangRefV3/}}
}

@inproceedings{SiekTaha06,
    author = {Jeremy G. Siek},
    title = {{G}radual {T}yping for {F}unctional {L}anguages},
    booktitle = {In Scheme and Functional Programming Workshop},
    year = {2006},
    XXXpages = {81--92}
}

@INPROCEEDINGS{Herman07,
    author = {David Herman and Aaron Tomb and Cormac Flanagan},
    title = {Space-Efficient Gradual Typing},
    booktitle = {In Trends in Functional Programming (TFP)},
    year = {2007}
}

@InProceedings{MD04,
  author = {Erik Meijer and Peter Drayton},
  title = {{S}tatic {T}yping {W}here {P}ossible, {D}ynamic {T}yping {W}hen
                  {N}eeded: {T}he {E}nd of the {C}old {W}ar {B}etween
                  {P}rogramming {L}anguages},
  booktitle = {In Workshop on Revival of Dynamic Language co-located with
                  OOPSLA 2004},
  year = {2004},
}

@inproceedings{SBD04,
 author = {Nathanael Sch\"{a}rli and Andrew P. Black and St\'{e}phane
                  Ducasse},
 title = {Object-{O}riented {E}ncapsulation for {D}ynamically {T}yped
                  {L}anguages},
 booktitle = {Conference on Object-oriented programming,
                  systems, languages, and applications (OOPSLA)},
 year = {2004},
 XXXpages = {130--149},
 }

	
@book{PickAxe,
title = {{P}rogramming {R}uby: {T}he {P}ragmatic {P}rogrammer's {G}uide},
author = {David Thomas and Andrew Hunt},
edition = {2},
publisher = { The Pragmatic Programmers, LLC.},
url = {http://portal.acm.org/citation.cfm?id=357816},
year = {2005},
description = {Programming Ruby},
}



@inproceedings{StructuralTyping,
 author = {Luca Cardelli},
 title = {{S}tructural {S}ubtyping and the {N}otion of {P}ower {T}ype},
 booktitle = {POPL},
 year = {1988},
 XXXpages = {70--79},
 }


@ARTICLE{CW85,
    author = {Luca Cardelli and Peter Wegner},
    title = {{O}n {U}nderstanding {T}ypes, {D}ata {A}bstraction, and
                  {P}olymorphism},
    journal = {ACM Computing Surveys},
    year = {1985},
    volume = {17},
    XXXpages = {471--522}
}

@Article{Car91,
  author = {Luca Cardelli},
  title = {{T}ypeful {P}rogramming},
  journal = {Formal Description of Programming Concepts},
  year = {1991},
  XXXpages = {XXXpages 431-507},
}

@book{TAPL,
 author = {Benjamin C. Pierce},
 title = {{T}ypes and {P}rogramming {L}anguages},
 year = {2002},
 }

@Article{Eckel03,
  author = {Bruce Eckel},
  title = {{S}trong {T}yping vs. {S}trong {T}esting},
  journal = {\url{http://www.mindview.net/WebLog/log-0025}},
  year = {2003},
}


@Article{Pre99,
  author = {Lutz Prechelt},
  title = {Comparing {J}ava vs. {C}/{C}++ Efficiency Differences to
            Interpersonal Differences},
  journal = {Communications of the ACM},
  year = {1999},
  volume = {42},
  number = {10}}

@article{ACPP91,
  author = {Mart\'{\i}n Abadi and Luca Cardelli and Benjamin Pierce and
                  Gordon Plotkin},
  title = {{D}ynamic {T}yping in a {S}tatically {T}yped {L}anguage},
  journal = {ACM TOPLAS},
  volume = {13},
  number = {2},
  year = {1991} }

@inproceedings{Nys03,
 author = {Sven-Olof Nystr\"{o}m},
 title = {A soft-typing system for {E}rlang},
 booktitle = {Workshop on Erlang (ERLANG)},
 year = {2003},
 isbn = {1-58113-772-9},
 XXXpages = {56--71},
 }


@book{Perl,
  title = {{P}rogramming {P}erl},
  author = "Larry Wall and Tom Christiansen and Jon Orwant",
  edition = "3rd",
  publisher = "O'Reilly",
  year = 2000
}

@inproceedings{matchete,
  title = {Matchete: Paths through the Pattern Matching Jungle},
  author = "Martin Hirzel and Nathaniel Nystrom and Bard Bloom and Jan
            Vitek",
  booktitle = "Practical Aspects of Declarative Languages (PADL 2008)",
  XXXpages = "150--166",
  year = 2008
}

@Misc{erlang,
  title = {Erlang Reference Manual},
  howpublished = {\url{http://erlang.org/doc/}},
  year = 2008,
}

@TechReport{Scala,
    author = {Martin Odersky and Philippe Altherr and Vincent Cremet and
                  Iulian Dragos Gilles Dubochet and Burak Emir and Sean
                  McDirmid and Stéphane Micheloud and Nikolay Mihaylov and
                  Michel Schinz and Erik Stenman and Lex Spoon and Matthias
                  Zenger},
    title = {An Overview of the {S}cala Programming Language},
  institution = {\'Ecole Polytechnique F\'ed\'erale de Lausanne },
    year = {2006}
}

@MISC{OCaml,
    author = {Xavier Leroy and Damien Doligez and Jacques Garrigue and
                  Didier Rémy and Jérôme Vouillon},
    title = {The {Objective Caml} System, release 3.11.},
    note = {http://caml.inria.fr/pub/docs/manual-ocaml/},
    year = {2004}}



@Book{Rails,
 author = {Dave Thomas and David Heinemeier Hansson},
 title = {Agile Web Development with Rails},
 publisher = {Pragmatic Programmers LLC},
 year = {2006}}

@Misc{Pwyky,
  author = {Sean B. Palmer},
  title = {Pwyky ({A} {P}ython {W}iki)},
  XXXnote = {\url{http://infomesh.net/pwyky/}}}

@Misc{Bigloo,
  author = {Manuel Serrano},
  title = {Bigloo---A ``practical {Scheme} compiler''},
  note = {2008}}



@InProceedings{Bigloo2,
  author = {Yannis Bres and Bernard Paul Serpette and Manuel Serrano},
  title = {Compiling Scheme programs to.NET Common Intermediate Language},
  booktitle = {2nd International Workshop on .NET Technologies},
  year = {2004}}

@TechReport{Vortex,
  author = {Craig Chambers and Jeffrey Dean and David Grove},
  title = {Whole-Program Optimization of Object-Oriented Languages},
  institution = {University of Washington},
  year = {1996}}

@article{CLOS,
 author = {Daniel G. Bobrow and Linda G. DeMichiel and Richard P. Gabriel
                  and Sonya E. Keene and Gregor Kiczales and David A. Moon},
 title = {Common Lisp Object System specification},
 journal = {SIGPLAN Not.},
 volume = {23},
 year = {1988}}

@inproceedings{TypedSchemePOPL08,
 author = {Sam Tobin-Hochstadt and Matthias Felleisen},
 title = {{T}he {D}esign and {I}mplementation of {T}yped {S}cheme},
 booktitle = {POPL},
 year = {2008},
 isbn = {978-1-59593-689-9},
 pages = {395--406},
 location = {San Francisco, California, USA},
 doi = {http://doi.acm.org/10.1145/1328438.1328486},
 publisher = {ACM},
 address = {New York, NY, USA},
}


@inproceedings{SiekTaha07,
  title = {{G}radual {T}yping for {O}bjects},
  author = {Jeremy Siek and Walid Taha},
  booktitle = {ECOOP},
  publisher = {Springer Berlin / Heidelberg},
  issn = {0302-9743 (Print) 1611-3349 (Online)},
  isbn = {978-3-540-73588-5},
  url = {http://www.springerlink.com/content/a052j27um6829356/},
  volume = {4609},
  series = {LNCS},
  year = {2007},
  pages = {2--27},
  subject_collection = {Computer Science},
  doi = {10.1007/978-3-540-73589-2_2},
}

@inproceedings{DLS2006,
 author = {Sam Tobin-Hochstadt and Matthias Felleisen},
 title = {{I}nterlanguage {M}igration: {F}rom {S}cripts to {P}rograms},
 booktitle = {OOPSLA},
 year = {2006},
 isbn = {1-59593-491-X},
 pages = {964--974},
 location = {Portland, Oregon, USA},
 doi = {http://doi.acm.org/10.1145/1176617.1176755},
 publisher = {ACM},
 address = {New York, NY, USA},
}

@Misc{WebKit,
  title = {{The WebKit Open Source Project}},
  author = {{The WebKit Team}},
  year =  {2009},
  note =  {\url{http://webkit.org/}}
}

@Misc{sunSpider,
  title = {{SunSpider JavaScript Benchmark}},
  author = {{WebKit}},
  note =  {\url{http://www2.webkit.org/perf/sunspider-0.9/sunspider.html}}
}

@Misc{gmail,
  title = {{Gmail}},
  author = {{Google}},
  year =  {2009},
  note =  {\url{http://mail.google.com/}}
}

@Misc{facebook,
  title = {{Facebook}},
  author = {{Facebook}},
  year =  {2009},
  note =  {\url{http://www.facebook.com/}}
}

@Misc{prototypeLib,
  title = {{The Prototype JavaScript Framework}},
  author = {{The Prototype Core Team}},
  year =  {2006--2007},
  note =  {\url{http://www.prototypejs.org/}}
}

@Misc{nasa,
  title = {{NASA}},
  author = {{National Aeronautics and Space Agency}},
  note =  {\url{http://www.nasa.gov/}}
}

@Misc{basecamp,
  title = {{Basecamp}},
  author = {{37signals, LLC}},
  year =  {1999--2009},
  note =  {\url{http://basecamphq.com/}}
}

@Misc{amazon,
  title = {{amazon.com}},
  author = {{Amazon.com, Inc.}},
  year =  {1996--2009},
  note =  {\url{http://www.amazon.com/}}
}

@proceedings{Cop05,
  volume = {136},
  editor = {Mario Coppo and Ferruccio Damiani},
  title = {International Workshop on Intersection Types and Related Systems (ITRS)},
  tag = {ENTCS, volume 136, Elsevier},
  publisher = {Elsevier},
  series = {ENTCS},
  year = {2005},
}

@article{CDC94,
  volume = {66},
  url = {http://www.di.unito.it/~dezani/papers/CDdL94.pdf},
  title = {{Combining Type Disciplines}},
  author = {F. Cardone and M. Dezani-Ciancaglini and U. de' Liguoro},
  year = {1994},
  pages = {197--230},
  journal = {Annals of Pure and Applied Logic},
}

@inproceedings{MYC03,
 author = {Mandelbaum,, Yitzhak and Walker,, David and Harper,, Robert},
 title = {An effective theory of type refinements},
 booktitle = {ICFP '03},
 year = {2003},
 isbn = {1-58113-756-7},
 pages = {213--225},
 location = {Uppsala, Sweden},
 doi = {http://doi.acm.org/10.1145/944705.944725},
 publisher = {ACM},
 address = {New York, NY, USA},
}

booktitle = {ICFP '03: Proceedings of the eighth ACM SIGPLAN international conference on Functional programming},

@article{depauw2002vej,
  title={{Visualizing the execution of {J}ava programs}},
  author={De Pauw, W. and Jensen, E. and Mitchell, N. and Sevitsky, G. and Vlissides, J. and Yang, J.},
  journal={Software Visualization},
  year={2002},
  publisher={Springer}
}
          
@conference{reiss2001ob,
  title={{An overview of BLOOM}},
  author={Reiss, S.P.},
  booktitle={Proceedings of the 2001 ACM SIGPLAN-SIGSOFT workshop on Program analysis for software tools and engineering},
  pages={2--5},
  year={2001},
  organization={ACM New York, NY, USA}
}

@conference{hamoulhadj2004ste,
  title={{A survey of trace exploration tools and techniques}},
  author={Hamou-Lhadj, A. and Lethbridge, T.C.},
  booktitle={Proceedings of the 2004 conference of the Centre for Advanced Studies on Collaborative research},
  pages={42--55},
  year={2004},
  organization={IBM Press}
}

@book{garret1994maa,
  title={{Measurement and application of dynamic receiver class distributions}},
  author={Garret, C.D. and Dean, J. and Grove, D. and Chambers, C.},
  year={1994},
  publisher={Univ of Washington}
}

@conference{holzle1994odd,
  title={{Optimizing dynamically-dispatched calls with run-time type feedback}},
  author={H{\"o}lzle, U. and Ungar, D.},
  booktitle={PLDI},
  pages={326--336},
  year={1994},
  organization={ACM New York, NY, USA}
}

