@misc{becker1988new,
  title={The new S language. A programming environment for data analysis and graphics. Wadsworth \& Brooks},
  author={Becker, Richard A and Chambers, John M and Wilks, Allan R},
  year={1988},
  publisher={Cole Advanced Books \& Software, Pacific Grove, CA}
}

@misc{R_man,
  title = {{R Language Manual}},
  author = {{R Core Team}},
  howpublished = {\url{https://stat.ethz.ch/R-manual/R-devel/doc/manual/R-lang.html}},
  note = {Accessed: 2018-09-26},
  year = {2018}
}

@article{R_spec,
  title={R language definition},
  author={Team, R Core},
  year={2000}
}