@inproceedings{Dwork08,
  author    = {Cynthia Dwork},
  title     = {Differential Privacy: {A} Survey of Results},
  booktitle = {Theory and Applications of Models of Computation (TAMC)},
  pages     = {1--19},
  year      = {2008},
  url       = {http://dx.doi.org/10.1007/978-3-540-79228-4_1},
  doi       = {10.1007/978-3-540-79228-4_1},
}


@article{vechev11,                                                               
  author    = {Matthew Arnold and                                              
               Martin T. Vechev and                                             
               Eran Yahav},                                                     
  title     = {QVM: An Efficient Runtime for Detecting Defects in Deployed      
               Systems},                                                        
  journal   = {ACM Trans. Softw. Eng. Methodol.},                               
  volume    = {21},                                                             
  number    = {1},                                                              
  year      = {2011},                                                           
  pages     = {2},                                                              
}

@article{Raychev:2015:PPP,
 author = {Raychev, Veselin and Vechev, Martin and Krause, Andreas},
 title = {Predicting Program Properties from "Big Code"},
 journal = {SIGPLAN Not.},
 issue_date = {January 2015},
 volume = {50},
 number = {1},
 month = jan,
 year = {2015},
 issn = {0362-1340},
 pages = {111--124},
 numpages = {14},
 publisher = {ACM},
 address = {New York, NY, USA},
}

@inproceedings{Raychev:2013:RS,
 author = {Raychev, Veselin and Sch\"{a}fer, Max and Sridharan, Manu and Vechev, Martin},
 title = {Refactoring with Synthesis},
 booktitle = {Conference on Object Oriented Programming Systems Languages and Applications, (OOPSLA)},
 year = {2013},
 pages = {339--354},
}

@inproceedings{Duggan:2011:PPC,
 author = {Duggan, Jennie and Cetintemel, Ugur and Papaemmanouil, Olga and Upfal, Eli},
 title = {Performance Prediction for Concurrent Database Workloads},
 booktitle = {Conference on Management of Data, (SIGMOD)},
 series = {SIGMOD '11},
 year = {2011},
 pages = {337--348},
}

@article{Popescu:20013:PRED,
  author = {Popescu, Adrian Daniel and Balmin, Andrey and Ercegovac, Vuk and Ailamaki, Anastasia},
  title = {PREDIcT: Towards Predicting the Runtime of Large Scale Iterative Analytics.},
  journal = {PVLDB},
  number = {14},
  pages = {1678-1689},
  volume = {6},
  year = {2013}
}

                                                                               
@book{ECMA-262, 
    address = {Geneva, Switzerland},                                            
    author = {International, ECMA},                                             
    edition = {Third},                                                          
    keywords = {ecmascript, javascript, programming},                        
    month = {December},                                                         
    posted-at = {2008-09-19 09:19:05},                                          
    priority = {0},                                                             
    publisher = {ECMA (European Association for Standardizing Information and 
Communication Systems)},                                                        
    title = {ECMA-262: ECMAScript Language Specification},                      
    url = {http://www.ecma-international.org/publications/standards/Ecma-327.htm},                                                                              
    year = {1999}                                                               
}                 


@article{x10-vldb12,
  author    = {Avraham Shinnar and
               David Cunningham and
               Benjamin Herta and
               Vijay A. Saraswat},
  title     = {{M3R:} Increased performance for in-memory Hadoop jobs.},
  journal   = {{PVLDB}},
  year      = {2012},
  volume    = {5},
  number    = {12},
  pages     = {1736--1747},
  url       = {http://vldb.org/pvldb/vol5/p1736_avrahamshinnar_vldb2012.pdf},
}


@inproceedings{Fisher11,
 author = {Fisher, Kathleen and Walker, David},
 title = {The PADS Project: An Overview},
 booktitle = {Conference on Database Theory (ICDT)},
 year = {2011},
 isbn = {978-1-4503-0529-7},
 pages = {11--17},
 numpages = {7},
 doi = {10.1145/1938551.1938556},
} 

@inproceedings{nori13,
  author    = {Arun Chaganty and
               Aditya V. Nori and
               Sriram K. Rajamani},
  title     = {Efficiently Sampling Probabilistic Programs via Program Analysis},
  booktitle = {Conference on Artificial
               Intelligence and Statistics (AISTATS)},
  year      = {2013},
  pages     = {153--160},
  url       = {http://jmlr.org/proceedings/papers/v31/chaganty13a.html},
}

@article{fisher14,
 author = {Hawkins, Peter and Rinard, Martin and Aiken, Alex and Sagiv, Mooly and Fisher, Kathleen},
 title = {An Introduction to Data Representation Synthesis},
 journal = {Commun. ACM},
 volume = {55},
 number = {12},
 month = dec,
 year = {2012},
 issn = {0001-0782},
 pages = {91--99},
 numpages = {9},
 url = {http://doi.acm.org/10.1145/2380656.2380677},
 doi = {10.1145/2380656.2380677},
} 

@inproceedings{gordon14,
  author    = {Andrew D. Gordon and
               Thomas A. Henzinger and
               Aditya V. Nori and
               Sriram K. Rajamani},
  title     = {Probabilistic programming},
  booktitle = {Future of Software Engineering (FOSE)},
  year      = {2014},
  pages     = {167--181},
  doi       = {10.1145/2593882.2593900},
}


@article{kozen81,
  author    = {Dexter Kozen},
  title     = {Semantics of Probabilistic Programs},
  journal   = {J. Comput. Syst. Sci.},
  year      = {1981},
  volume    = {22},
  number    = {3},
  pages     = {328--350},
  url       = {http://dx.doi.org/10.1016/0022-0000(81)90036-2},
  doi       = {10.1016/0022-0000(81)90036-2},
}

